3248 4840
532 203 538 241 A

642 267 685 276 .-
730 231 863 294 41..

180 405 386 518 ὑπασπιστὴς
415 413 502 489 γένος
530 407 591 488 μὲν
614 402 696 518 Κόρ,
727 404 767 470 τὰ
800 406 834 470 δὲ
856 406 998 488 πολέμια
1026 402 1128 492 κόρτα
1158 403 1286 490 δόκιμος
1308 409 1361 472 καὶ

179 496 282 571 ἄλλως
305 493 446 585 λη’ματος
469 498 603 603 πλέος,
600 488 676 559 εἶπε
698 495 809 599 πρὸς
822 499 978 560 τοῦτον.

270 589 326 654 VI
352 591 403 668 88,
422 591 459 651 3:
503 587 557 648 καὶ
584 573 623 671 ἦν
645 582 703 670 γὰρ
725 580 925 688 Νικόδρομος
946 589 1090 650 Κνοίδου
1113 583 1344 667 καλεόμενος’
1328 609 1363 648 εν

178 681 219 766 τῇ
238 675 345 786 Αἰχίνη
365 670 445 762 ἀνὴρ
468 670 610 755 δόκιμος,
635 671 753 746 οὗτος
776 669 984 776 μεμφόμενος
1006 674 1067 781 μέν
1085 683 1166 738 τοῖσι
1185 671 1362 772 Αἰγινήτῃσι

180 772 342 851 προτέρην
361 765 482 827 ἑωυτοῦ
501 759 683 839 ἐξέλασιν
667 785 701 826 εκ
719 766 775 849 τῆς
792 758 897 845 νόσου,
920 761 1039 844 μαθών
1061 763 1157 828 δέ-
1176 762 1362 828 AAAAA'AAAA'A

180 859 355 940 Αθηναίοις
378 855 553 938 προδοσίην
553 851 741 960 Αἰγίνης.

270 945 327 1009 VI.
354 946 426 1025 102,
447 947 482 1007 4;
508 943 561 1005 καὶ
584 964 622 1026 ην
644 935 748 1050 χαρδ
773 939 957 1048 Μαραθών
975 937 1226 1050 ἐπιτηδεότατον
1248 948 1362 1050 χωρίον

179 1037 236 1120 τῆς
259 1027 390 1140 ’4ττικης
418 1029 610 1094 ἐνιππεῦσαι
642 1032 696 1094 καὶ
728 1025 889 1110 ἄχχοτότω
916 1034 972 1118 τῆς
995 1025 1159 1118 Ἐρετρίης,
1184 1028 1215 1104 ἐς
1231 1029 1362 1096 τοῦτό

179 1143 236 1204 σφι
258 1126 428 1207 κατηγέετο
449 1116 589 1226 Ιππίης.

270 1211 325 1276 VI.
353 1213 424 1292 109,
445 1214 480 1273 5;
507 1203 605 1279 ὡςδὲ
624 1210 695 1286 δίχα
718 1229 755 1272 τε
778 1204 916 1288 ἐγίνοντο
939 1210 992 1272 καὶ
1012 1205 1099 1272 ἐνίκα
1122 1232 1156 1315 η
1165 1214 1280 1317 χείρων
1297 1214 1361 1274 τῶν

179 1304 339 1380 γνωμέων,
364 1261 517 1378 A'AAAA‘AAA,
542 1285 580 1383 ἧν
609 1295 667 1381 γὰρ
692 1296 856 1368 ενδέκατος
887 1293 1156 1404 ψηφιδοφόροςε
1141 1323 1158 1362 ο
1182 1303 1227 1404 aqi
1241 1295 1361 1402 κυόμηι

180 1384 285 1467 λαχων
298 1391 469 1473 AAqAAA'AA
478 1386 711 1470 πολεμαρχέειν
721 1383 770 1471 (τὸ
786 1385 927 1449 παλαιὰν
942 1384 1000 1494 γὰρ
1014 1381 1200 1489 Ἀθηναῖοι
1185 1383 1362 1475 ομόψηφον

179 1475 237 1540 τὸν
250 1472 486 1582 πολέμαρχον
469 1479 638 1538 εποιεῦντο
649 1463 984 1582 τοῖσιστρατηχοῖσι)
966 1497 1005 1560 ην
1023 1472 1106 1538 δε
1066 1497 1141 1539 τοτε
1160 1476 1362 1560 πολέμαρχος

181 1566 384 1646 Καλλίμαχος
413 1559 591 1646 Ἀφιδναῖος.
635 1561 716 1648 πρὸς
744 1585 890 1627 τουτον
922 1560 1028 1627 AAAAA
1056 1561 1237 1651 Μιλτιάδης
1273 1562 1361 1670 ἔλεγε

180 1651 290 1718 τόδε
317 1655 420 1732 Quem
444 1656 549 1718 locum
582 1673 648 1717 nou
672 1653 771 1717 uerbo
796 1661 890 1717 tenus
914 1656 1170 1757 exscripsissem,
1195 1657 1257 1718 uisi
1282 1658 1361 1738 opi-

181 1766 271 1808 mum
308 1745 388 1807 mihi
428 1744 584 1808 Herodoti
559 1743 746 1822 1,,λέξεως
783 1740 963 1828 ειρομένης“
998 1745 1160 1827 specimen
1195 1745 1321 1808 uideret
1309 1752 1362 1808 tur

181 1835 343 1918 praebere,
367 1839 399 1896 et
422 1852 566 1896 summae
589 1833 826 1915 perspicuitatis
850 1834 950 1896 studii
973 1833 1077 1914 illius,
1110 1833 1197 1915 quod
1220 1838 1256 1897 ut
1278 1833 1361 1897 bene

182 1925 261 1986 dicit
283 1922 449 1986 Melander
471 1924 512 2005 (p.
528 1921 570 2004 3),
594 1923 647 1985 uel
670 1923 811 1984 maxime
835 1922 985 2002 cernitur,
1009 1941 1083 1984 oum
1106 1924 1250 2006 scriptor,
1274 1928 1361 2006 post-

92 2077 95 2084 ,
183 2033 280 2095 quam
302 2013 337 2074 in
361 2012 501 2074 mediam
520 2012 710 2074 sententiam
731 2012 916 2093 primariam
934 2011 1096 2093 longiores
1115 2016 1221 2094 partes
1246 2031 1361 2075 secun-

184 2103 289 2164 darias
311 2101 488 2180 interlecit,
516 2101 645 2183 incepta
672 2105 836 2162 structura
865 2100 1078 2182 relinquenda
1109 2105 1361 2182 consequentem
1429 2089 1435 2102 ⁹

182 2195 441 2274 perpetuumque
474 2190 627 2252 orationis
660 2194 804 2251 tenorem
838 2188 1043 2271 abrumpere,
1076 2209 1173 2271 quam
1203 2191 1362 2252 sententia

183 2279 224 2342 Ad
246 2280 368 2342 iustum
392 2278 490 2341 finem
514 2277 719 2361 perducenda
752 2278 894 2359 aliquam
928 2277 1131 2340 obscuritatis
1165 2278 1292 2361 culpam
1325 2280 1360 2340 iu

185 2387 219 2431 se
243 2368 356 2431 admitt
329 2372 409 2430 tere
433 2367 555 2430 maluit.
556 2367 573 2400 “

271 2456 344 2521 VII.
375 2459 428 2536 44,
447 2457 483 2518 2;
520 2455 574 2518 καὶ
603 2459 850 2539 προεπεποίητο
878 2451 939 2537 γὰρ
961 2450 1017 2516 επὶ
1040 2454 1180 2517 κολωνου
1203 2451 1360 2561 επίτηδες

182 2539 270 2630 αὐτῷ
307 2538 408 2631 ταότη
445 2544 620 2646 προεξέδρη
659 2544 756 2606 AAAAA
787 2543 916 2621 λευκοῦ,
950 2539 1105 2648 ἐποίησαν
1137 2543 1171 2606 δὲ
1203 2538 1360 2628 Ἀβυδηνοὶ

181 2566 408 2714 έντειλαμενου
434 2629 594 2716 πρότερον
622 2631 778 2714 βασιλέος,
808 2626 1036 2694 ενθαῦται
1015 2653 1055 2702 ως
1078 2631 1177 2712 ἵζετο,
1201 2638 1360 2715 κατορέων

181 2720 238 2785 ἐπι
270 2744 326 2808 της
357 2715 463 2807 ηϊόνος
494 2718 633 2874 εθηηῑτο.
689 2721 797 2785 Uerba
829 2717 984 2804 εποίησαν
1011 2720 1118 2784 δε-
1142 2723 1240 2785 simili
1264 2723 1358 2786 modo

182 2832 239 2896 per
269 2817 383 2896 parent
370 2811 476 2875 thesin
509 2833 564 2874 ora
565 2812 646 2874 tioni
677 2811 866 2873 inseruntur
871 2829 979 2892 ,quo
1012 2830 1069 2894 per
1100 2812 1291 2894 particulam
1324 2811 1358 2873 δὲ

181 2921 333 2985 persaepe
357 2901 477 2964 factum
501 2901 651 2964 uidemus
661 2899 708 2981 1⁹).
746 2899 852 2974 Quare
874 2906 1015 2982 praestat
1001 2901 1110 2963 thaec
1130 2897 1266 2963 uerba'
1249 2905 1357 2984 εποίη-

182 3010 241 3053 σαν
264 2989 298 3052 δὲ
322 3027 365 3036 -—
398 2992 491 3053 uncis
515 2988 787 3091 circumscribere,
822 2989 875 3052 uel
899 2988 1111 3052 commatibus
1135 2994 1246 3054 notare
1271 2991 1357 3072 quod

181 3079 324 3144 Steinius
352 3085 383 3142 et
411 3080 480 3162 ipse
501 3080 579 3142 fecit
566 3079 641 3141 tin
667 3080 772 3160 prima
799 3078 874 3141 edit'
853 3085 949 3158 t,10ne
972 3097 1047 3140 oum
1075 3080 1109 3140 iu
1139 3079 1359 3141 recentissima

181 3189 299 3252 magna
325 3173 398 3251 post
385 3167 565 3231 uterbum
595 3169 680 3250 quod
711 3172 760 3230 est
782 3166 956 3269 βασιλέος
948 3169 1105 3229 incisione
1127 3167 1212 3230 facta
1179 3172 1357 3230 tnouum

181 3260 387 3321 enuntiatum
409 3255 717 3341 incipiatuerbrsa
741 3251 887 3317 ἐνθαῦτα
911 3276 960 3325 ως.

270 3345 343 3409 VII.
374 3347 524 3428 214,13:
563 3337 632 3407 ἄλλ
643 3337 832 3446 Ἐπιάλτης
859 3339 917 3425 χοῖρ
945 3341 1011 3406 ε’στι
1039 3337 1055 3404 ὃ
1086 3339 1358 3428 περιηγησάμενος

180 3460 217 3497 w
241 3431 312 3518 ὅρος
334 3431 416 3496 Aac&
439 3432 498 3520 τὴν
522 3428 675 3517 1179147707,
699 3436 850 3494 AAAAAA
873 3431 975 3495 aA'AtAAv
997 3453 1114 3537 γραφαὶ.

270 3523 361 3589 VIII.
386 3527 415 3627 5,
439 3527 473 3587 3:
506 3518 546 3594 ὡς
577 3524 613 3585 δέ
640 3521 671 3583 οἱ
700 3517 792 3592 οὗτος
822 3516 1049 3600 ανεπέπειστο,
1083 3515 1276 3601 Ἀδείμαντος
1299 3521 1357 3606 γὰρ

180 3639 197 3674 ο
228 3607 360 3676 Ὠκύτου
387 3605 404 3672 ὁ
434 3615 616 3720 Κορίνθιος.
634 3608 803 3714 στρατηγός
832 3615 896 3673 τῶν
925 3607 1098 3674 λοιπῶν”
1075 3630 1253 3712 ησπαιρεχ
1240 3616 1357 3691 μοῦνος

180 3741 222 3751 -
247 3699 328 3785 πρὸς
351 3699 386 3763 δν
412 3723 560 3807 AAAAAqA
583 3703 658 3762 εἰπε
681 3693 698 3760 ὁ
693 3696 996 3802 (AApAArAAAA'qr'
980 3718 1150 3784 επομοσας.

269 3790 360 3853 VIII
391 3793 421 3872 8,
447 3794 480 3854 l:
515 3811 549 3851 AA
578 3789 613 3852 δὲ
642 3782 744 3872 τούτῳ
771 3814 816 3873 τῳ
845 3810 960 3874 χρονῳ,
989 3788 1023 3851 A'A
1052 3785 1076 3874 qi
1100 3787 1188 3850 οὑτοι
1216 3783 1357 3869 ἄριέλμδν

180 3877 348 3942 ἐποιεῦντο
371 3882 434 3942 τῶν
456 3882 552 3958 νεῶν,
583 3865 621 3979 ἦν
647 3875 705 3982 γὰρ
728 3875 763 3940 A'A
784 3903 829 3962 τῳ
815 3879 1058 3962 στρατοπέδῳ
1080 3872 1182 3962 τούτῳ
1205 3876 1357 3982 Σκυλλιης

179 3975 349 4039 Σκιωναῖος
372 3963 466 4054 δύτης
489 3971 552 4030 τῶν
574 3962 648 4029 τότε
672 3939 855 4050 ανθρώπων
883 3963 1021 4051 ἄριστος,
1051 4005 1091 4013 -
1122 4003 1162 4012 -
1191 3963 1311 4036 οὗτος
1338 3960 1355 4028 δ

181 4123 395 4130 -—--.--.—-—-

253 4199 286 4268 l⁹)
304 4197 470 4251 Eiusmodi
464 4198 682 4268 interpositiones
704 4213 751 4266 per
769 4197 800 4249 δέ
817 4197 887 4250 iulat
889 4213 918 4250 as
938 4197 1009 4264 apud
1025 4195 1193 4249 Herodotum
1213 4195 1281 4250 locis
1300 4197 1354 4266 legi

180 4271 272 4324 bisce:
292 4270 338 4322 IV
365 4273 408 4336 76,
435 4275 474 4324 13.
512 4269 559 4322 VI.
588 4273 646 4335 127,
672 4275 695 4322 3.
733 4267 794 4321 VII.
816 4273 919 4332 154,3.
958 4267 1030 4320 VIII
1051 4270 1119 4330 2,2.
1158 4271 1227 4331 24,4.
1266 4273 1308 4331 67,
1329 4273 1354 4322 2.

180 4349 266 4412 85,3.
307 4346 409 4409 135,8.
447 4340 784 4408 ο..11011ὃ1.1Χ66,7.
825 4344 926 4408 110,7.
