3248 4840
763 219 961 281 -6-

320 393 397 461 ἐπεί
418 398 519 481 (mera
541 397 664 460 causali
686 393 829 476 notione)
852 395 877 459 I.
899 396 972 474 146,
992 392 1054 477 31)
1102 392 1142 458 V.
1164 395 1215 474 88,
1234 395 1263 456 2.
1304 392 1378 458 VH.
1399 395 1450 475 96,

438 488 487 551 10.
532 487 674 566 103,1e.
720 488 792 564 114,
813 487 840 547 8.
881 483 972 548 VIII.
996 484 1138 563 111,12.

320 570 382 639 δνιι
406 575 430 641 I.
453 578 525 654 145,
544 578 573 639 4.
618 575 760 654 14617.
808 572 867 638 III.
890 575 939 654 19,
959 575 988 636 3.
1035 571 1092 634 IV.
1115 575 1142 653 1,
1162 575 1191 636 4.
1233 570 1306 634 VII.
1328 573 1401 652 128,
1421 573 1449 636 6.

405 721 407 724 ,
435 663 527 728 VIII.
548 665 620 743 124,
640 666 668 728 5.
713 664 785 742 136,
804 666 833 727 4.
1061 677 1064 684 ’
1166 654 1171 663 ’

320 747 374 825 air:
398 752 489 815 VIII.
511 753 653 833 108,15.

320 837 435 926 ἐπειδή
442 867 448 905 :
473 841 564 905 VIII.
587 842 658 922 110,
679 842 707 906 2.

364 930 428 996 Sed
450 933 640 1013 priusquam
664 930 705 992 ad
728 931 815 1013 ipsos
844 948 897 992 eos
920 929 1009 992 locos
1033 927 1268 990 enumerandos
1292 927 1450 1006 accedam,

277 1021 395 1105 quibus
425 1015 485 1103 γάρ
515 1039 645 1082 oausam
675 1019 851 1082 sententiae
881 1017 985 1098 affert,
1015 1017 1070 1080 uel
1098 1017 1296 1099 argumentis
1327 1016 1451 1099 aliquid

274 1109 451 1190 consumat,
469 1107 701 1191 inquirendmn
721 1108 790 1188 0111,
811 1126 891 1169 num
910 1105 995 1191 apud
1012 1104 1214 1169 Herodotum
1234 1103 1330 1170 etiam
1348 1105 1451 1187 illum,

277 1217 373 1282 quem
401 1199 568 1281 proprium
605 1198 773 1281 posuimus
802 1196 979 1278 particulae
1008 1189 1067 1277 γάρ
1103 1193 1321 1258 aduerbialem
1354 1213 1451 1257 usmn

275 1287 466 1367 habeamus,
499 1305 562 1368 quo
585 1280 644 1368 γάρ
675 1287 705 1348 01
727 1290 853 1348 tantum
877 1285 1107 1364 enuntiationi,
1138 1285 1191 1347 cui
1214 1283 1344 1348 additur
1367 1282 1451 1346 adfir-

275 1376 412 1438 mandae
444 1376 595 1456 inseruit,
626 1379 737 1457 utpote
765 1393 822 1456 per
852 1393 886 1436 se
919 1374 1128 1453 certissimae,
1158 1392 1233 1436 oum
1260 1391 1331 1436 eam
1360 1372 1451 1436 nulla

273 1465 398 1528 ratione
427 1464 468 1527 ad
491 1465 683 1528 sententiam
710 1467 766 1526 aut
790 1464 987 1545 superiorem
1011 1467 1067 1525 ant
1089 1463 1312 1544 insequentem
1335 1460 1451 1524 referat

275 1553 476 1636 eandemque
498 1554 568 1616 uim
590 1551 715 1632 habeat,
740 1572 837 1634 quam
860 1551 1013 1614 uerbum:
1047 1549 1215 1633 „profeotq
1244 1569 1279 1613 re
1302 1569 1381 1613 uera
1404 1551 1428 1633 (j

274 1679 316 1690 -
341 1643 479 1726 geuiss).
525 1640 619 1704 Hanc
643 1642 822 1719 notionem,
854 1660 949 1722 quam
972 1640 1142 1724 permultis
1167 1638 1246 1703 locis
1269 1638 1450 1702 Homericis

269 1731 349 1804 ,Bae
375 1730 588 1796 statuendam.
606 1748 675 1793 esse
704 1731 830 1792 censuit
858 1731 898 1812 (p.
918 1730 960 1792 69
981 1727 1071 1811 sqq),
1101 1748 1168 1792 non
1196 1727 1365 1812 probante,
1394 1729 1451 1810 qui

275 1821 406 1883 omnino
437 1820 521 1882 hanc
551 1819 729 1902 particulae
759 1818 979 1882 aduerbialem
1008 1819 1173 1880 notionem
1204 1819 1335 1881 missam
1365 1816 1450 1896 facit,

269 1908 501 1992 Semetingero
526 1907 561 1991 (I.
581 1929 610 1990 p.
631 1909 673 1971 32
693 1909 774 1989 sqq.)
800 1926 858 1990 ego
879 1906 1018 1990 quidem,
1041 1912 1078 1970 ut
1102 1908 1232 1970 omnino
1254 1907 1363 1990 urgeri
1385 1907 1451 1969 iam

275 2017 373 2081 supra
402 1998 506 2076 nolui,
536 1998 582 2060 ita
610 2015 652 2060 ne
682 1996 768 2079 apud
791 1995 993 2060 Herodotum
1025 1996 1157 2078 quidem
1186 1996 1253 2058 ullo
1284 1996 1354 2058 loco
1385 2000 1451 2058 tam

274 2087 480 2170 pertinaciter
506 2091 608 2166 teneo,
641 2087 720 2167 qum
744 2085 856 2149 eadem
886 2085 1055 2168 uulgarem
1086 2087 1252 2148 notionem
1282 2103 1451 2168 argumen-

274 2181 397 2239 tantem
415 2173 544 2257 probari
562 2193 655 2257 posse
681 2174 855 2238 concedam
874 2179 905 2238 et
930 2175 1096 2238 sentiendo
1116 2174 1330 2257 cogitandoue
1350 2192 1451 2236 enun-

274 2266 391 2328 tiatum
413 2257 479 2346 nio
495 2265 632 2328 inlatum
655 2263 696 2326 ad
719 2282 765 2344 ea,
790 2282 871 2346 quae
894 2265 988 2326 iuxta
1010 2263 1165 2347 legrmtur
1187 2262 1306 2326 referri.

364 2354 382 2434 ξ
402 2355 431 2418 2.
454 2355 505 2416 Ac
523 2354 665 2435 primum
684 2353 815 2434 quidem
832 2354 868 2415 in
883 2352 1147 2434 responsionibus
1166 2371 1240 2415 cum
1258 2346 1317 2434 γάρ
1333 2351 1451 2434 legitur

274 2443 366 2524 hanc,
391 2462 488 2525 quam
512 2441 587 2507 Bae.
600 2445 621 2522 ⁷)
652 2443 793 2526 postulat
824 2440 1042 2504 aduerbialem
1064 2441 1240 2524 particulae
1272 2441 1340 2504 uim
1371 2439 1450 2502 adeo

274 2551 340 2596 non
362 2531 577 2616 probauerim,
600 2537 637 2595 ut
659 2532 796 2595 uoculae
814 2525 872 2614 γάρ
896 2531 1058 2594 causa-lem
1082 2531 1150 2592 uim
1174 2529 1396 2592 subiciendam
1420 2533 1451 2592 et

230 2656 233 2661 -
275 2621 315 2683 ad
338 2621 490 2684 omissam
514 2620 677 2703 quandam
706 2621 923 2703 responsionis
946 2625 1069 2702 partem
1091 2613 1150 2702 γάρ
1181 2619 1288 2701 potius
1311 2617 1452 2682 referen-

276 2709 352 2772 dum
377 2727 445 2774 esse
469 2728 626 2790 censeam,
651 2730 749 2791 quam
772 2709 812 2772 ad
831 2728 901 2772 eam
920 2716 1056 2790 tantum,
1080 2710 1133 2772 oui
1157 2708 1285 2771 additur
1304 2708 1451 2771 enuntia·

275 2799 396 2862 tionem
428 2807 465 2861 ut
496 2817 583 2862 mere
612 2797 879 2862 confirmatiuum.
925 2796 1040 2880 Itaque
1071 2817 1134 2880 quo
1164 2797 1235 2860 loco
1266 2797 1333 2860 solo
1364 2795 1450 2878 apud

273 2886 477 2954 Herodotum
508 2881 567 2968 γάρ
596 2888 632 2950 in
659 2888 867 2968 responsione
900 2887 1019 2970 legitur
1048 2923 1089 2956 -÷
1120 2886 1194 2950 VII.
1220 2887 1272 2964 46,
1300 2889 1335 2948 7;
1367 2878 1384 2946 ὁ
1415 2882 1449 2946 δὲ

274 2966 349 3038 εἷπε
370 2997 375 3009 ·
396 2971 505 3060 §odida
528 2970 586 3058 γοὶρ
609 2995 652 3055 με
681 2970 886 3054 λογισάμενον
907 2982 1128 3058 κατοικτεῖραι,
1156 2968 1196 3045 ὡς
1219 2970 1336 3056 βραχὺς
1359 2971 1408 3058 εἴη
1431 2965 1448 3034 ὃ
1534 3015 1537 3021 -

273 3067 339 3135 πᾶς
363 3057 567 3147 ἀνθρώπινος
594 3067 661 3147 βίος
691 3101 732 3110 —
769 3083 863 3138 nemo
895 3063 1054 3128 dubitabit
1092 3065 1254 3148 eleganter
1290 3065 1337 3128 sio
1375 3082 1449 3126 oum

275 3152 397 3218 Steinio
420 3159 561 3217 uertere:
586 3153 712 3217 freilioh
732 3153 888 3216 iiberkam
912 3172 946 3216 00
969 3154 1054 3217 mich
1074 3154 1155 3218 doeh
1175 3192 1217 3201 -
1240 3172 1347 3236 neque
1370 3171 1448 3216 uero

275 3245 448 3326 quisquam
470 3249 594 3326 partem
623 3243 767 3324 aliquam
789 3243 1007 3343 responsionis
1035 3245 1187 3306 omissam
1217 3261 1286 3306 0000
1309 3241 1449 3325 negabit,

272 3337 309 3394 ut
333 3323 383 3412 (οὗ
402 3325 509 3415 μάτην
527 3326 664 3415 δακρύω)
683 3327 795 3416 §odida
814 3352 871 3415 γαρ
890 3351 932 3411 με
950 3329 1056 3413 κοὲ.,8)
1081 3332 1121 3395 ad
1141 3351 1238 3414 quarn
1257 3332 1449 3413 cogitatione

273 3421 484 3504 supplendam
513 3415 571 3503 γάρ
594 3423 640 3484 110
661 3420 831 3502 referatur,
861 3426 898 3484 ut
921 3421 1111 3485 omissorum
1135 3421 1292 3483 rationem
1315 3418 1450 3482 reddere

272 3509 453 3592 putandum
473 3511 522 3572 011.
559 3509 653 3572 Hanc
677 3511 774 3573 talem
793 3510 920 3592 ellipsin
946 3511 981 3571 in
1008 3509 1167 3572 eiusmodi
1185 3507 1449 3591 responsionibus

273 3597 476 3660 statuendam
495 3617 564 3661 esse
582 3599 702 3661 utiam
717 3597 910 3660 Matthiaeus
929 3597 1011 3661 bene
1027 3599 1189 3680 praecepit
1208 3596 1262 3678 (II.
1272 3618 1301 3679 p.
1316 3599 1413 3676 1464)
1437 3594 1448 3678 )

1413 3699 1420 3715 Ρ

344 3827 364 3895 6)
383 3826 416 3879 ln
434 3842 565 3880 uersuum
583 3825 704 3880 numeris
723 3826 866 3880 afferendis
885 3825 983 3880 Steinii
1003 3826 1149 3880 editionem
1168 3829 1278 3880 secutus
1295 3843 1356 3880 sum
1369 3826 1447 3880 seho—

272 3897 398 4034 usuqqm
418 3914 530 4024 ⁶23¹ng
548 3898 772 4024 qgenqsslqmap.
825 3973 877 4023 aaa
905 3973 957 4023 463

383 3986 408 4036 p.
466 4011 471 4022 .
528 4011 534 4022 .
591 3985 805 4022 .o.a...
880 4010 965 4024 ..

344 4041 364 4106 ⁸)
383 4039 529 4094 Hoffmann
548 4040 730 4094 aduerbialem
748 3987 807 4094 111111
825 4042 905 4106 urget
922 4040 1037 4094 uoculae
1057 4041 1116 4109 „ja‘
1135 4040 1152 4092 1.
1173 4058 1196 4094 0.
1215 4058 1241 4108 p.
1262 4045 1303 4094 20.

342 4111 364 4180 9)
384 4110 473 4177 Quare
496 4111 669 4166 Schrautium
697 4111 830 4164 noluerim
858 4118 958 4164 temere
987 4111 1148 4165 cauillatum
1179 4127 1239 4165 0000
1267 4111 1447 4165 Matthiaeum

271 4181 306 4249 (p.
329 4182 380 4251 52),
401 4183 499 4251 quippe
519 4183 565 4251 qui
578 4182 697 4250 plurima
714 4183 743 4234 in
761 4183 828 4250 ipsis
847 4183 890 4236 his
908 4187 989 4237 rebus
1009 4187 1061 4236 tam
1081 4184 1149 4237 bone
1162 4183 1335 4249 intellexerit,
1355 4185 1386 4235 ut
1398 4182 1446 4235 ho-

271 4254 314 4306 die
333 4253 469 4321 plerisque
487 4253 634 4322 probentur
653 4253 852 4322 grammatica,
879 4253 902 4306 si
922 4270 991 4321 quae
1010 4254 1102 4308 minus
1125 4255 1193 4308 bene
1217 4255 1295 4322 uidit,
1318 4271 1372 4308 non
1389 4255 1447 4307 tam

270 4324 373 4393 ingenii
392 4325 473 4393 eulpa
491 4325 535 4392 sit,
555 4340 637 4392 quam
655 4329 817 4392 temporum.
