3248 4840
670 241 863 296 „vn-

178 443 197 552 '§
217 487 241 537 2.
268 482 331 550 Ipsa
344 479 478 536 sententia
497 477 614 532 causalis
626 473 808 545 praemittitur
820 473 856 528 ab*
862 472 999 527 Herodoto
1011 489 1059 542 por
1072 471 1233 540 particulam
1245 431 1350 551 ydem*

137 610 140 618 ,
305 554 342 623 Α)
361 553 409 606 ubi
427 567 499 605 noua
517 548 649 618 quaedam
666 561 710 600 res
728 546 758 598 in
776 544 958 599 narrationem
976 544 1092 598 infertur
1110 577 1307 598 .......
1319 547 1353 599 42

223 625 225 628 ’
301 625 341 694 Β)
360 627 390 677 in
408 619 634 692 appellationibus
653 620 682 673 et
699 617 850 672 orationum
869 616 1011 670 exordiis.
1041 654 1047 669 .
1076 655 1082 667 .
1112 654 1135 682 .,
1148 655 1295 669 .....
1319 621 1354 671 45

307 697 339 766 0)
358 695 387 748 in
406 691 554 747 enuntiatis
573 689 743 760 copulatiuis,
763 704 832 757 quae
850 704 898 756 per
915 687 1042 740 uocularn
1054 689 1100 740 καί
1116 687 1149 740 ad
1163 688 1302 755 superiora

360 766 555 834 adiunguntur,·
566 763 606 816 ita
617 765 650 815 ut
662 761 768 830 legatur
779 763 825 813 καί
838 790 872 798 -
884 754 947 832 γάρ,
960 758 1129 826 interpositis
1139 758 1301 826 quibusdam
1320 763 1354 813 48

416 836 515 890 Contra
532 833 746 903 particulaeaci
761 828 816 906 γάρ
833 831 912 884 iuxta
930 830 1009 883 initio
1027 830 1177 884 sententiae
1196 831 1301 899 positae

414 907 478 976 quid
497 905 549 960 sibi
567 903 656 958 uelint
685 939 1296 957 ..................
1321 908 1351 956 51

412 980 440 1048 a)
459 979 492 1031 ad
515 993 597 1031 unam
625 977 791 1043 eandemque
816 973 1029 1028 enuntiationem
1053 972 1198 1026 trahendae
1226 977 1299 1041 sunt,

358 1109 360 1113 ,
458 1065 511 1119 quo
521 1049 625 1102 firmius
636 1048 772 1101 sententia
782 1045 900 1100 causalis
911 1045 1134 1098 antecedentibus
1144 1045 1302 1098 adnectatur
1321 1050 1353 1100 51

461 1116 1355 1194 α)καὶγάρ,και’.................52

461 1193 487 1262 p)
505 1194 551 1246 καὶ
588 1187 625 1265 ἀρ
644 1187 677 1262 δὴ
696 1193 753 1244 καί.
792 1226 1296 1242 ...............
1322 1195 1355 1244 55

413 1263 441 1332 b)
460 1263 546 1332 partic
577 1278 608 1315 ae
621 1263 667 1315 καὶ
679 1257 733 1337 γάρ
752 1276 801 1330 per
812 1258 1090 1330 „transgressionem‘·
1109 1259 1187 1313 iuxta
1199 1259 1302 1328 positae

333 1328 336 1336 ’
462 1335 489 1402 α)
508 1335 598 1388 itaut
616 1337 661 1386 καί
680 1333 717 1386 sit
736 1328 891 1387 ἐπιδοτικόν
910 1332 984 1400 (nam
1002 1330 1095 1400 etiam)
1114 1370 1297 1385 ......
1322 1336 1355 1386 54

461 1408 486 1476 β)
505 1405 544 1459 ita
566 1407 599 1457 nt
624 1407 670 1458 καί
693 1403 771 1458 alteri
793 1403 822 1455 in
844 1403 1021 1472 sequentibus
1045 1401 1159 1456 uoculae
1182 1405 1228 1456 καί
1245 1419 1302 1457 res-

504 1476 620 1545 pondeat
638 1475 711 1544 (nam
730 1478 758 1528 et
776 1505 810 1514 —
830 1477 858 1528 ct
875 1474 919 1543 —)
935 1512 1298 1528 ...........
1323 1480 1357 1530 55

309 1549 348 1618 Β)
367 1548 396 1600 in
414 1545 595 1670 aducrgatiuis
614 1546 846 1603 enuntiationibus
864 1563 912 1615 per
929 1544 1092 1615 particulam
1110 1536 1180 1598 tara
1197 1545 1291 1599 inlatis

416 1635 434 1672 a
466 1611 499 1672 ἇλ
516 1613 533 1671 α’
552 1648 585 1655 -
623 1614 641 1671 α’
689 1655 1297 1674 ..................
1323 1621 1356 1672 56

421 1620 446 1759 bi
464 1638 622 1758 particulaey
630 1637 697 1744 ἇρλλὰ
714 1675 864 1764 γάρ’ἱιικῒιι
881 1688 987 1757 positae
1005 1687 1035 1740 in
1053 1687 1147 1742 eadem
1166 1689 1303 1742 sententia
1322 1693 1356 1742 58

463 1761 492 1830 α)
510 1761 557 1827 ita,
581 1763 613 1814 ut
631 1761 665 1817 ad
684 1775 744 1814 sam
766 1759 928 1816 sententiam
947 1759 1079 1816 trahenda
1101 1775 1160 1814 esse
1178 1759 1304 1814 uideatur

512 1831 646 1955 particula
672 1824 752 1898 ἄλλά,
777 1832 856 1886 cuius
878 1831 948 1886 ratio
971 1831 1094 1886 redditur
1117 1848 1165 1899 per
1183 1832 1302 1899 particu-

524 1919 567 1957 am
605 1901 623 1958 o'
651 1941 1298 1956 ...................
1324 1907 1357 1957 58

468 1975 493 2044 β)
513 1975 553 2027 ita
570 1924 605 2028 uz
619 1926 769 2044 §articulos
788 1967 855 2028 citici
874 1973 928 2048 γάρ
947 1974 1066 2042 praecise
1085 1973 1263 2028 adhibeantur
1293 2014 1299 2026 .
1324 1979 1357 2028 60

187 2049 203 2116 ξ
223 2053 247 2103 3.
276 2046 416 2102 Sententia
435 2045 552 2100 causalis
570 2047 609 2100 ita
626 2043 682 2120 γάρ
700 2046 892 2115 praemittitur,
911 2047 943 2098 ut
961 2062 1009 2114 per
1027 2045 1220 2099 adtractionem
1239 2046 1303 2099 sub-

273 2119 338 2173 iecti
361 2118 496 2187 quandam
519 2117 565 2170 uel
588 2118 687 2173 obiecti
710 2119 739 2171 in
758 2133 817 2172 eam
835 2118 924 2186 ipsam
942 2116 1105 2186 implicetur,
1125 2117 1203 2170 cuius
1221 2117 1303 2172 ratic·

261 2208 338 2245 nem
355 2189 445 2268 reddit
463 2189 679 2244 enuntiationem
690 2227 1309 2243 ...................
1323 2192 1357 2242 62

644 2403 827 2470 CAPUT*
844 2404 900 2470 IV.

187 2529 221 2582 δέ
236 2527 345 2598 legitur,
364 2528 411 2582 ubi
429 2527 591 2598 particulam
610 2526 664 2602 γάρ
683 2528 884 2596 exspectaueris
903 2567 909 2580 .
928 2532 931 2538 '
938 2566 1299 2582 ...........
1323 2532 1358 2582 85

652 2742 829 2808 CAPUT
854 2743 891 2809 V.

186 2863 242 2942 γάρ
261 2866 440 2935 desideratur,
470 2867 518 2920 ubi
546 2868 731 2935 expectaueris
760 2867 879 2936 positum
905 2867 1058 2936 (Accedunt
1085 2867 1138 2922 alia
1165 2869 1304 2937 quaedam,

276 2954 344 3008 quae
362 2936 515 2992 Herodotus
534 2938 646 2992 exhibet
664 2939 858 3008 asyndetorum
877 2939 985 3009 genera)
1008 2979 1299 2994 .........
1324 2944 1358 2994 68

646 3152 822 3218 CAPUT
844 3155 900 3218 Vl.

188 3273 243 3414 {aa
262 3243 330 3332 anas
351 3277 492 3331 amulcus
511 3276 664 3331 sibilabat
682 3277 829 3345 partums
866 3319 1300 3334 .............
1324 3285 1358 3335 rr

114 3411 116 3416 Ι
224 3355 246 3402 1.
274 3346 330 3436 γᾴρ
349 3345 384 3431 (ξή
401 3345 617 3474 (δῇλατγὰὲνδή)
635 3345 690 3424 γὰρ
709 3347 744 3421 δή
761 3370 819 3415 κου,
838 3347 893 3424 γὰρ
913 3347 946 3422 δὴ
966 3348 1020 3424 ἄρα
1045 3389 1300 3404 ........
1325 3357 1360 3407 75

188 3421 248 3486 ξῖ.
275 3440 389 3505 ysena,
408 3440 515 3505 yup'ter
551 3439 566 3491 η
582 3458 1300 3476 .....................
1324 3428 1357 3477 81

187 3491 203 3558 ξ
223 3496 247 3546 3.
276 3511 379 3566 coryco,
400 3510 496 3566 τοιγαρ
515 3494 720 3567 τοιμτοιγαρῶν
726 3532 1052 3547 ..........
1058 3567 1059 3570 ¹
1082 3532 1300 3547 .......
1325 3499 1359 3549 83

635 3706 809 3773 CAPUT
838 3709 911 3775 VII.

185 3829 227 3883 De
245 3828 421 3884 collocatione
439 3827 588 3896 particulae
607 3826 661 3904 γάρ
689 3869 696 3883 .
725 3869 731 3883 .
761 3869 767 3886 .
795 3870 803 3898 ,
833 3870 1302 3886 ..............
1325 3837 1360 3888 84

185 3901 202 3967 ξ
225 3905 246 3955 l.
274 3897 329 3974 γάρ
348 3901 496 3955 secundam
515 3900 710 3954 enuntiationis
730 3902 822 3955 sedem
841 3906 956 3971 occupat
972 3941 1300 3957 ..........
1325 3910 1359 3959 84

185 3973 245 4038 52.
274 3968 329 4046 γάρ
347 3971 427 4026 tertio
446 3971 504 4025 loco
523 3971 624 4041 legitur
641 3971 761 4040 positum
793 4007 794 4012 κ
795 4013 1051 4028 ........
1073 3975 1076 3982 “
1081 4014 1301 4028 .......
1326 3982 1360 4030 85

186 4043 245 4108 ξ3.
274 4039 329 4118 γάρ
356 4044 528 4097 remotiorem
555 4043 588 4097 ab
617 4043 694 4096 initio
716 4044 911 4099 enuntiationis
931 4045 1024 4098 sedem
1048 4045 1145 4112 habet3
1169 4047 1305 4100 interdum

274 4113 383 4168 nonnisi
401 4114 511 4168 uidetur
529 4115 628 4170 habere
653 4154 1301 4171 ...................
1326 4123 1359 4174 87

667 4369 878 4380 -——-——
