3248 4840
676 203 874 266 ,3-

186 382 348 444 causalem
370 383 536 444 notionem
559 386 597 443 ut
618 380 805 463 primariam
828 378 1013 459 obtrudunt,
1038 378 1250 444 affirmatiuae
1272 380 1362 444 illius

185 471 341 533 rationem
381 469 501 533 habent
542 469 682 549 nullam,
726 469 812 550 quod
853 468 967 532 fecisse
1004 468 1099 530 uideo
1138 467 1363 552 Deuarium,⁸)

184 557 440 642 Hoogeueenum
450 557 475 640 ⁹)
507 559 595 621 alios.
643 556 761 621 Contra
789 558 908 640 optime
937 557 1017 618 mihi
1047 557 1178 620 uidetur
1205 557 1266 622 Ha.
1298 577 1362 641 quo

185 647 313 710 facilius
337 648 501 731 primitius
524 639 741 728 uoculaeycip
764 647 816 709 uis
834 646 1050 729 intellegatur,
1075 665 1149 708 cum
1168 646 1363 711 affirmatius

185 742 295 799 nostra
312 737 471 819 particula
494 737 524 818 „j
535 737 574 798 a“
599 753 669 798 eam
688 734 871 815 contulisse,
896 754 994 817 quam
1011 735 1093 798 mire
1112 735 1153 798 ad
1170 736 1362 800 uertendam

185 830 294 887 nostro
323 843 471 888 sermone
498 825 690 908 particulam
719 819 777 902 γάρ
808 824 967 906 quadrare
1001 824 1159 907 exemplis
1186 824 1281 888 facile
1308 825 1362 889 de·

185 915 357 976 monstrari
380 919 491 996 potest.
503 913 540 995 ¹⁰)

275 999 337 1065 Sed
370 1003 464 1083 hanc,
503 1021 600 1084 quam
632 1003 832 1085 primitiuam
872 1001 964 1065 uolui
997 1019 1066 1065 esse
1098 1003 1275 1084 particulae
1303 996 1362 1084 γάρ

186 1091 391 1154 asseuerandi
414 1092 483 1154 uim
505 1095 631 1154 tantum
657 1089 761 1171 abest,
790 1096 829 1153 ut
851 1091 949 1153 etiarn
971 1091 1156 1173 primariam
1181 1091 1286 1155 dicam
1308 1093 1363 1156 uel

184 1180 285 1243 solam
308 1199 390 1260 esse,
414 1185 451 1243 ut
473 1181 604 1243 omnino
629 1179 808 1263 urgendam
831 1198 900 1242 esse
924 1198 990 1241 non
1014 1198 1171 1260 censeam,
1194 1182 1258 1244 nisi
1280 1180 1362 1245 forte

182 1269 218 1330 in
242 1269 422 1331 eiusmodi
446 1270 628 1350 sententiis,
653 1287 754 1350 „quae
781 1266 941 1350 probabili
969 1269 1140 1331 conclusae
1168 1275 1244 1332 sunt
1268 1289 1362 1354 argu-

183 1359 388 1438 mentatione,
412 1357 469 1420 sed
487 1375 554 1420 non
572 1358 753 1421 necessaria
771 1357 1071 1420 mathematicorum
1088 1359 1238 1422 ratione.“
1278 1357 1362 1422 Nam

186 1465 268 1528 quae
292 1447 434 1508 maxime
461 1447 653 1529 peruulgata
681 1451 729 1508 θεῖ
757 1451 788 1509 θῖ
810 1464 868 1529 per
896 1464 1024 1509 omnem
1047 1446 1273 1528 antiquitatem
1295 1447 1362 1512 fere

185 1534 253 1597 sola
276 1536 395 1597 usitata
417 1536 469 1596 uis
499 1535 676 1617 particulae
698 1528 756 1616 γάρ
778 1553 817 1598 ea
840 1539 901 1615 est,
929 1540 967 1597 ut
989 1535 1147 1598 rationem
1169 1535 1282 1599 reddat
1305 1537 1362 1599 ali·

186 1624 279 1685 cuius
302 1625 358 1703 rei,
382 1642 577 1706 causamque
600 1623 709 1686 afferat
732 1661 773 1670 -
799 1643 897 1706 quam
920 1625 1084 1688 notionem
1107 1624 1246 1687 dicimus
1269 1643 1362 1705 „cau-

186 1712 303 1775 salem‘
328 1749 369 1779 -,
394 1717 434 1793 et,
458 1749 499 1758 -
524 1732 621 1795 quam
645 1714 908 1795 „explicaturum‘
932 1731 1087 1776 uoeamus
1112 1749 1154 1759 —
1177 1719 1215 1776 ut
1237 1712 1361 1796 aliquid

186 1800 367 1863 cuiusmodi
401 1802 443 1864 sit
474 1802 613 1884 explicet
647 1806 744 1884 atque
778 1807 927 1884 exponat.
982 1799 1178 1885 Explicandi
1217 1821 1293 1866 uero
1331 1808 1363 1866 et

185 1889 369 1971 exponendi
399 1891 556 1954 rationem
593 1890 806 1954 confirmandi
835 1891 960 1953 notioni
990 1892 1134 1954 uicinam
1165 1909 1235 1955 esse
1265 1897 1362 1975 atque

183 1976 355 2040 finitimam
384 1977 467 2042 bene
497 1975 585 2044 Sern.
616 1980 709 2042 docet
738 1979 762 2043 I.
792 2000 822 2062 p.
842 1981 871 2044 2.
925 1978 1040 2062 Neque
1073 1999 1164 2060 uere,
1200 1981 1361 2063 quomodo

97 2064 103 2075 '
182 2067 341 2149 particula
370 2061 429 2149 γάρ
460 2089 478 2131 a
508 2069 648 2132 naturali
683 2068 740 2131 illa
768 2070 915 2148 notione,
948 2087 1046 2151 quam
1078 2071 1197 2151 optime
1230 2069 1362 2150 „aduer-

183 2154 319 2218 bialem“
348 2155 422 2221 Bae.
447 2159 592 2220 nominat
621 2157 672 2241 (of.
697 2156 800 2222 Kueh.
824 2179 854 2240 p.
877 2157 953 2239 724)
984 2157 1025 2219 ad
1055 2157 1217 2221 causalem
1247 2177 1361 2241 perue-

183 2245 276 2326 nerit,
300 2264 398 2327 quam
415 2251 511 2308 uocat
535 2248 812 2328 „coniunctiuam“
836 2248 942 2330 (phil)
966 2245 1097 2310 difficile
1121 2252 1168 2310 est
1186 2247 1360 2312 intellectu.

183 2330 314 2396 Etenim
352 2335 580 2418 quodcumque
616 2337 794 2399 sententiae
826 2336 964 2398 alicuius
999 2354 1130 2398 causam
1163 2335 1274 2400 afferre
1306 2337 1360 2399 uel

184 2424 495 2505 argumentationem
519 2424 599 2505 uult,
628 2424 661 2486 id
684 2426 792 2507 ipsum
814 2443 872 2506 per
895 2443 929 2486 se
953 2429 1084 2505 constet,
1108 2425 1213 2506 sitque
1237 2429 1361 2488 certum

184 2516 215 2573 θῖ
239 2513 326 2574 omni
345 2511 546 2576 dubitatione
568 2513 707 2576 liberum
732 2531 863 2575 necesse
887 2517 950 2576 est:
976 2532 1073 2595 quam
1092 2512 1273 2576 affirmandi
1291 2514 1360 2575 uim

182 2600 360 2682 particulae
382 2594 441 2685 γάρ
463 2604 570 2665 inesse
593 2605 808 2664 monstratum
832 2607 887 2664 θεῖ.
939 2599 1010 2675 Qua
1032 2602 1067 2663 in
1094 2620 1129 2664 re
1153 2602 1360 2684 uituperandi

184 2694 260 2750 sunt
292 2694 323 2752 et
354 2688 558 2774 Hartungius
599 2696 630 2753 et
663 2688 860 2770 Sohrautius,
871 2689 909 2772 11)
950 2691 1007 2772 qui
1039 2691 1238 2774 primitiuam
1271 2691 1360 2753 illam

255 2882 276 2952 8)
295 2899 320 2950 p.
335 2886 377 2936 48.
397 2879 450 2955 γάρ
470 2880 650 2963 ᾳίτιολογικὸς
668 2880 769 2963 ariades
791 2904 820 2942 ος
837 2883 1042 2951 probationibus
1061 2883 1186 2937 inseruit.

183 2950 620 3079 taniiii'iiiiai'iii⁰liisii⁹
631 2970 742 3079 iiiii
765 2903 839 3008 ΓΘΗ
866 2957 908 3007 est
933 2953 1145 3027 ”“ἱ””λ”γική“’
1169 2955 1195 3007 h'
1220 2969 1242 3007 δ’
1262 2953 1358 3021 pmba'

244 3094 277 3163 10)
295 3095 386 3149 Pauca
405 3097 500 3150 afferre
518 3095 613 3150 liceat:
722 3067 728 3078 ⁹

218 3166 345 3220 Uinius:
385 3167 433 3222 ihr
450 3167 562 3234 Briider,
582 3183 639 3222 was
658 3167 736 3222 sollte
756 3169 804 3222 das
824 3166 989 3222 Striusslein
1007 3167 1066 3232 mir,

388 3239 434 3292 ich
452 3239 513 3292 hab’
531 3239 567 3307 ja
585 3239 649 3292 kain
667 3238 751 3293 liebes
770 3239 909 3292 Liebchen
928 3240 979 3292 wie
998 3239 1049 3291 ihr.

219 3308 312 3361 Tinea:
388 3310 449 3362 Wir
467 3309 575 3362 hlainen
593 3310 709 3379 goldneu
728 3309 823 3363 Sterne
843 3311 905 3362 sind
924 3309 966 3389 dir
982 3309 1059 3362 nicht
1078 3308 1148 3377 cwig
1166 3309 1248 3372 ferne,

218 3449 257 3504 PB
388 3397 478 3505 gorgo,
498 3397 588 3504 gepne,
607 3382 753 3505 gedenlireql
762 3382 798 3504 jfa
818 3381 911 3434 deiner
930 3380 972 3434 dre
991 3378 1095 3434 Sterne.

260 3467 319 3504 ΜΖ.
389 3523 426 3576 du
444 3468 530 3576 liaiszis
545 3455 671 3593 31:quth
698 3467 871 3577 eiiussatisen'

219 3591 357 3646 Riicnrar:
389 3593 469 3647 L'asst
487 3594 560 3647 mich
580 3595 650 3647 donn
696 3596 805 3648 icmand
824 3595 876 3660 ein,

388 3664 432 3718 ich
450 3665 507 3717 will
522 3665 556 3733 Ja
574 3666 660 3726 selbst
678 3666 768 3718 niehts
786 3666 882 3732 haben,

389 3737 435 3790 ich
453 3734 511 3788 will
526 3737 560 3804 ja
578 3753 630 3788 nur
648 3753 692 3790 am
711 3735 810 3791 Schcin

389 3808 436 3861 der
454 3807 576 3860 fremden
593 3806 859 3877 Weihnachtsgaben

388 3877 461 3932 mich
479 3877 558 3932 laben
578 3895 645 3948 ganz
664 3877 755 3931 ulleiu.

219 3948 366 4003 Ounmsso:
386 3949 435 4004 Ich
453 3949 523 4003 habe
542 3949 620 4003 nicht
639 3949 713 4015 Geld,
733 3950 778 4002 ioh
796 3950 866 4003 habe
886 3950 963 4003 nicht
981 3950 1060 4017 Brod,

388 4022 434 4075 ioh
452 4020 513 4075 lebe
529 4022 561 4090 ja
579 4037 632 4073 nur
650 4035 704 4073 von
722 4019 836 4090 Hunger
853 4021 909 4074 und
928 4021 1010 4074 Noth.

184 4091 289 4156 Quibus
308 4092 375 4146 locis
394 4093 438 4146 uis
457 4093 627 4157 affirmatiua,
647 4107 716 4160 quae
735 4092 871 4160 particula
890 4093 965 4161 teja*
985 4092 1152 4157 continetur,
1176 4106 1258 4158 quarn
1277 4102 1359 4158 prope

184 4163 218 4216 ad
236 4163 374 4217 causalem
393 4165 504 4218 accedat
522 4164 659 4216 neminem
678 4163 798 4231 effugiet.

244 4234 275 4303 ¹¹)
294 4234 385 4289 Ueber
412 4235 455 4288 die
485 4235 646 4304 Bedeutung
675 4235 722 4286 der
746 4234 864 4287 Partilrel
887 4231 941 4308 γάρ
965 4233 994 4286 in
1013 4234 1065 4286 den
1092 4232 1235 4286 scheinbar
1262 4247 1358 4302 vorge·

184 4305 338 4359 schobenen
356 4305 462 4359 Satzen.
500 4305 609 4359 Restatt
629 4310 705 4360 1857.
737 4305 814 4359 Beill.
834 4306 992 4374 des-Progr.
1032 4305 1065 4358 cf.
1084 4303 1135 4358 Ha.
1154 4303 1176 4357 Ι.
1195 4321 1220 4371 p.
1235 4307 1296 4357 462.

1161 4392 1198 4445 1ss
