3248 4840
745 225 964 288 -33-

354 399 428 462 VII.
456 403 527 480 143,
543 404 579 464 9:
605 394 684 462 3333
709 398 767 482 γὰρ
790 398 821 472 ἐς
844 399 918 472 τοὺς
942 402 1115 507 πολεμίοις
1139 405 1183 486 333
1205 405 1275 485 tter}
1244 400 1442 507 είρέησθαι

266 485 302 550 τὸ
326 484 511 572 χρηστήριον
538 485 790 596 συλλαμβάνοντι
817 489 899 553 κατὰ
922 487 958 552 τι)
965 485 1097 595 ὀρθόν,
1123 461 1192 552 ἀλλ’
1216 484 1273 552 0333
1303 511 1334 561 ές
1358 495 1441 591 Αλλη-

266 581 398 647 ναίους
418 566 764 660 παρασκευάζεσθαι
740 601 791 641 οιν
814 572 929 650 αὐτοὺς
952 573 993 650 ὡς
1014 573 1275 664 ναυμαχήσοντας
1291 573 1442 684 συνέβαιν’

266 665 412 744 λευε,-
437 667 477 730 ad
502 687 584 750 quae
607 669 708 732 uerba
730 668 813 732 bene
837 669 979 732 Steinius
1003 668 1133 732 adnotat
1157 668 1258 732 uerba
1281 661 1362 729 ἀλλα
1385 664 1442 749 γὰρ

265 753 328 818 κτέ.
352 757 536 838 protasint
537 777 688 840 amquam
719 760 879 821 causalem
911 777 981 821 esse
1004 759 1090 840 eius,
1121 776 1203 860 quae
1234 757 1444 840 subsequitur

266 846 496 908 enuntiationis
511 833 848 926 παρασκευάζεσθαι
825 867 917 908 ue·—
932 867 1127 930 quamquam
1144 848 1220 998 qutia
1234 847 1274 909 ad
1290 847 1442 909 directam

266 934 443 997 orationem
467 936 607 997 narratio
625 937 880 1018 transgrediatur
899 936 1011 1016 (uerbo
1032 936 1118 1018 quod
1147 941 1195 1000 est
1222 929 1442 1017 συνεβούλευε)

266 1041 323 1106 per
346 1042 380 1085 se
403 1023 506 1104 posita
530 1042 599 1087 esee
623 1024 754 1088 uideant
741 1029 802 1087 tur

355 1110 445 1176 IVII
468 1112 539 1192 108,
549 1115 608 1176 23:
639 1105 720 1174 ἀλλὰ
743 1113 862 1175 δοκέειν
884 1109 943 1196 γάρ
955 1117 1137 1219 νικηθέντα
1160 1117 1200 1224 33
1222 1117 1382 1215 ναυμαχίῃ
1405 1106 1443 1175 03

265 1203 390 1280 μενέειν
414 1196 448 1261 έν
469 1203 510 1286 33
532 1193 673 1288 Εὐρώπη
696 1198 753 1263 τὸν
778 1207 927 1286 Πέρσην
947 1198 1058 1265 ἐατέον
1081 1189 1124 1264 33
1147 1192 1230 1264 εἶναι
1252 1196 1387 1282 φεάγειν.

355 1288 430 1352 Huc
457 1289 574 1353 referre
597 1290 693 1355 liceat
680 1296 801 1395 tquae
823 1293 961 1375 legimus
983 1291 1023 1359 V
1050 1293 1122 1373 124,
1143 1295 1169 1355 1.
1209 1284 1445 1371 Ἆλισκομενέιυν

266 1377 301 1441 33
327 1380 392 1441 τῶν
431 1377 567 1458 πολίων,
604 1366 645 1484 ἦν
681 1376 740 1463 γάρ
770 1373 811 1451 ὡς
845 1381 964 1455 διέδεξε
1000 1374 1216 1488 Ἀρισταγόρης
1239 1373 1256 1442 3
1288 1373 1444 1481 Μιλήσιος

270 1462 376 1568 ψυχὴν
404 1460 461 1529 0333
489 1463 594 1551 άκρος,
627 1463 661 1539 ὃς
696 1463 836 1553 ταράξας
862 1491 929 1570 την
962 1463 1082 1578 Ἰωνίην
1116 1469 1170 1530 καὶ
1200 1463 1445 1551 ἐγκερασάμενος

268 1551 465 1662 πρηγματα
470 1553 593 1637 μεγάλα
625 1554 765 1642 δρησμὸν
793 1553 981 1640 330333333‘
965 1563 1064 1641 ορέιον
1085 1560 1219 1620 ταῦτα
1245 1555 1328 1664 πρὸς
1355 1558 1392 1620 33
1413 1555 1444 1618 οἱ

268 1639 410 1708 άδυνατα
449 1640 552 1730 ἐφάνη
581 1645 712 1728 βασιλέα
743 1652 882 1728 Δαρεῖον
912 1641 1191 1730 ὑπερβαλέσθαι·
1226 1644 1309 1729 πρὸς
1342 1649 1445 1709 ταῦτα

267 1721 361 1819 δὴ
338 1756 381 1796 ιον
410 1734 598 1812 συγκαλέσας
619 1732 694 1806 τοὺς
717 1731 928 1807 συστασιώτας
951 1731 1227 1856 ἐβοηλεάετοᾺ
1250 1736 1359 1800 Huius
1382 1737 1445 1799 loci

268 1823 484 1887 anacoluthon
503 1825 622 1907 optime
639 1825 806 1889 Melander
827 1826 1024 1890 intellexit'
1012 1847 1053 1909 p
1073 1829 1139 1908 45),
1167 1827 1224 1909 qui
1248 1826 1445 1889 conlaudans

269 1912 392 1992 Steinii,
416 1932 514 1994 quam
537 1914 660 1997 eipso
683 1917 791 1999 accepi
815 1914 990 1980 uerborum
1013 1916 1283 1978 distinctionem
1274 1934 1309 1976 m
1334 1933 1446 1978 eorum
1475 1957 1478 1966 2

269 2001 534 2064 anacoluthorum
564 2021 700 2066 numero
731 2003 818 2067 hune
846 2004 953 2068 locum
983 2023 1052 2068 esse
1074 2005 1148 2068 uult
1134 2003 1308 2086 t,quibus
1331 2022 1445 2066 secuu-

270 2091 378 2153 dariae
409 2109 491 2172 quae
526 2096 603 2154 sunt
634 2093 786 2156 orationis
822 2097 928 2176 partes
956 2094 1118 2177 primariis
1154 2053 1231 2155 ’sunt
1218 2093 1446 2156 tdestitutae.

268 2179 397 2242 Etenim
415 2167 552 2244 uerba
533 2200 573 2264 ην
590 2176 648 2263 γὰρ
668 2173 708 2251 ὥς
727 2181 865 2256 διέδεξεν
882 2180 944 2244 κτέ.
971 2183 1150 2246 enuntiatio
1169 2181 1290 2264 excipit
1276 2181 1400 2245 ttrela
1378 2185 1447 2243 tura

269 2270 338 2352 (pro
363 2288 428 2421 qua
445 2270 597 2352 primaria
620 2289 689 2333 esse
712 2270 856 2352 debebat,
880 2276 916 2334 ut
934 2271 1160 2354 apodosis),et
1128 2270 1285 2334 αλλιιιλο
1276 2271 1338 2353 rpsi
1358 2270 1446 2332 aliud

269 2357 473 2422 enuntiatum
503 2358 622 2421 adserit
608 2363 662 2422 tur
692 2361 881 2442 primarium
911 2359 1020 2423 uerbis
1049 2356 1132 2442 πρὸς
1161 2359 1198 2421 33
1223 2356 1255 2420 οἱ
1276 2356 1348 2437 κτλ,
1381 2379 1445 2441 quo

270 2465 343 2510 cum
366 2448 622 2531 interrumpatur
645 2450 798 2512 oratiot
772 2454 818 2512 ita
840 2469 906 2512 non
928 2449 1104 2532 procedens
1127 2453 1165 2511 ut
1186 2468 1244 2531 par
1267 2452 1335 2511 erat
1341 2466 1446 2552 ,app-

269 2536 356 2600 dosis
379 2557 398 2599 a
420 2535 530 2600 uerbis
553 2537 715 2600 demum'
706 2539 848 2644 mcipere
871 2537 1014 2621 putanda
1037 2544 1084 2601 est
1111 2532 1192 2620 πρὸς
1214 2539 1317 2599 ταῦτα
1340 2498 1428 2621 33
1403 2557 1446 2596 ιον

268 2623 341 2704 κτέ,
364 2627 409 2688 ita
429 2625 569 2708 quidem,
591 2631 629 2689 ut
646 2613 846 2709 particula
822 2647 866 2690 ων
883 2627 1092 2710 praemissam
1112 2645 1194 2709 quae
1213 2630 1281 2690 erat
1299 2627 1446 2689 enuntia-

269 2715 389 2778 tionem
420 2715 581 2778 causalem
613 2717 761 2798 excipere
784 2717 864 2779 mihi
886 2715 997 2780 uideat
984 2720 1045 2781 t,ur·
1093 2714 1230 2796 Deinde,
1255 2715 1342 2797 quod
1364 2716 1446 2777 rela-

270 2804 375 2866 tiuum
405 2797 475 2882 „33
506 2804 678 2870 delendum
709 2824 778 2868 esse
808 2806 990 2888 suspicatur
1019 2802 1140 2888 Krueg
1171 2804 1319 2886 „duram‘
1349 2824 1445 2890 quam

270 2898 365 2955 uocat
352 2853 532 2957 te’fficiens
556 2894 706 2956 anacolut
668 2893 802 2976 uthiam,
829 2893 995 2978 probabile
1018 2894 1097 2958 mihi
1119 2913 1185 2956 ιιοιι
1208 2893 1348 2975 uidetur,
1371 2912 1447 2956 cum

269 2980 471 3045 Herodotum
508 2982 694 3065 saepissime
730 2984 794 3046 iam
838 2982 1017 3047 uiderimus
1057 2983 1216 3047 eiusmodi
1254 2942 1406 3046 anaoblut
1406 2983 1448 3045 ha

270 3074 399 3154 propter
422 3072 576 3134 maiorem
599 3073 756 3135 sermonis
778 3073 1038 3156 perspicuitatem
1063 3072 1223 3156 praeferre
1246 3072 1446 3135 concinniori

271 3158 445 3223 uerborum
469 3161 661 3243 complexui.

360 3247 438 3312 Sent
425 3250 558 3313 tentiam
581 3249 743 3316 causalem
766 3244 824 3334 γάρ
846 3252 1054 3334 praemissam
1077 3250 1234 3333 particula
1259 3250 1448 3313 conclusiuu

270 3331 341 3400 νάν
364 3339 485 3422 excipit
471 3339 616 3403 taddita
582 3341 668 3405 tei
692 3341 916 3421 enuntiationi,
939 3341 1033 3404 cuius
1057 3358 1154 3401 causa
1177 3339 1407 3421 praemittitur:

359 3427 383 3489 Ι.
410 3429 482 3509 124,
501 3430 537 3491 5:
566 3415 590 3490 3
609 3437 674 3493 παῖ
694 3423 881 3511 Καμβυσεω,
902 3427 936 3491 σέ
953 3425 1011 3511 γὰρ
1034 3422 1144 3490 θεοὶ
1127 3431 1303 3510 επορέουσι,
1325 3463 1364 3474 ·-
1385 3463 1427 3472 -

271 3509 311 3578 σά
331 3536 402 3576 νυν
424 3477 585 3596 Ἀστυάγεα
608 3515 664 3580 τὸν
687 3521 826 3582 σεωυτοῦ
849 3521 948 3599 φονέα
971 3524 1062 3582 τῖσαι.

359 3603 416 3667 IV.
441 3608 492 3710 97,
513 3607 569 3669 11;
611 3632 635 3669 ιο
620 3594 836 3690 βασιλεῦ,
820 3608 877 3670 επὶ
899 3610 956 3712 γῆν
977 3603 1036 3690 γὰρ
1058 3605 1184 3686 μέλλεις
1206 3599 1446 3714 στρατεύεσθαι,

270 3696 326 3795 της
353 3689 429 3756 οὔτε
460 3687 656 3798 ἀρηρομένον
682 3715 862 3802 φανησεται
885 3689 989 3797 03333,
1028 3692 1102 3758 οὔτε
1132 3688 1226 3765 πόλις
1253 3691 1446 3779 οἰκεομένη

271 3776 312 3846 σά
331 3803 402 3845 νυν
419 3786 559 3866 γέφυραν
581 3779 710 3886 ταύτην.
723 3780 761 3846 ἔα
783 3779 865 3846 κατὰ
878 3779 993 3888 ,χώρην
1016 3777 1152 3847 ἑστάναι.

361 3873 526 3974 Interdum
555 3874 710 3937 enuntiat
702 3893 733 3935 ιο
755 3875 920 3956 primaria,
952 3893 1035 3957 quae
1062 3874 1254 3938 sententiam
1285 3873 1446 3936 causalem

272 3963 419 4045 sequittu
446 3956 506 4045 γάρ
534 3962 758 4045 praemissam,
793 3981 852 4045 per
883 3963 1055 4046 particulas
1084 3966 1209 4041 μέν-
1234 3961 1271 4024 δέ
1298 3961 1446 4025 bifariam

272 4052 378 4116 diuisa
400 4056 456 4116 est

360 4141 387 4205 Ι.
412 4137 592 4224 8312216)
616 4132 821 4220 ἁλισκομένου
845 4137 884 4226 δὴ
907 4142 965 4203 τοῦ
987 4142 1121 4219 τείχεος,
1153 4134 1203 4224 ἤϊε
1230 4133 1288 4222 γὰρ
1311 4141 1375 4202 τῶν
1400 4159 1448 4210 τις

272 4274 486 4284 --—-——

344 4335 377 4404 ¹⁰)
396 4335 429 4388 de
447 4350 500 4404 quo
518 4335 576 4390 loeo
594 4335 747 4390 Werterum
765 4335 847 4390 adeas
865 4335 895 4388 λιι
912 4335 986 4388 Aott.
1005 4333 1072 4404 phil.
1091 4333 1196 4390 Monac.
1215 4333 1238 4389 I.
1256 4350 1282 4403 p.
1296 4337 1330 4388 79
1343 4349 1383 4402 sq.
