3248 4840
296 734 479 831 Minutam
511 766 644 830 fortasse
680 785 749 829 rem
782 784 820 828 ac
856 783 959 849 paene
987 765 1138 850 pusillam
1180 767 1360 830 uerendum

188 876 268 938 mihi
292 879 353 957 est,
381 893 422 938 ne
451 875 565 938 uidear
591 873 757 938 nonnullis
787 872 987 936 tractandam
1017 873 1097 936 mihi
1121 875 1295 958 sumpsisse
1319 874 1359 938 de

189 984 288 1046 unius
314 983 450 1046 uoculae
473 985 530 1064 (·-
555 1002 595 1046 en
622 982 758 1046 trilitera
786 977 845 1064 est)
875 999 939 1043 usu
961 979 1142 1046 Herodoteo
1170 982 1361 1046 fasciculum

190 1091 438 1174 conscripturus.
484 1089 547 1154 Sed
577 1093 615 1154 ut
642 1089 773 1168 omnino
805 1091 919 1150 notum
949 1091 1005 1170 est,
1037 1106 1144 1171 neque
1175 1088 1276 1153 uerbo
1308 1089 1361 1154 hic

189 1198 267 1261 mihi
291 1197 525 1281 attingendum,
549 1201 706 1281 quantum
728 1194 866 1259 uoculae
888 1191 976 1275 illae,
1006 1214 1086 1277 quas
1108 1197 1281 1279 particulas
1304 1217 1360 1261 no-

188 1305 350 1368 minamus
374 1304 504 1368 ualeant
532 1303 773 1368 adorationem
801 1301 1063 1384 construendam,
1092 1303 1361 1388 distinguendam,

188 1410 422 1494 uariandam*),
447 1447 487 1456 —
511 1411 546 1474 id
570 1411 656 1494 quod
678 1411 843 1494 intelleget
867 1409 1063 1493 quicumque
1091 1410 1296 1494 primoribus,
1325 1418 1362 1477 ut

187 1520 232 1583 ita
255 1519 369 1599 dicam,
392 1507 491 1581 labris
511 1516 707 1581 Graecorum
725 1517 834 1580 literas
857 1517 1048 1583 delibauerit
1073 1554 1112 1563 —
1136 1518 1182 1581 ita
1201 1518 1242 1582 ad
1259 1517 1361 1584 Hero-

189 1626 256 1689 doti
286 1623 415 1688 dicendi
441 1641 545 1708 genus
574 1624 709 1707 eiusque
739 1623 848 1689 stilum
880 1625 986 1709 adque
1018 1613 1200 1689 charactera
1228 1646 1359 1710 pernos-

190 1731 330 1796 cendmn
351 1731 482 1795 maioris
505 1731 566 1795 erit
587 1732 749 1815 momenti,
780 1751 877 1816 quam
899 1734 1002 1817 primo
1031 1733 1162 1816 quidem
1186 1738 1360 1817 conspectu

189 1839 294 1902 uideri
321 1839 430 1923 possit,
459 1857 538 1921 eam,
569 1838 608 1903 de
632 1860 697 1922 qua
723 1840 887 1925 disputare
913 1841 1040 1906 institui
1070 1841 1262 1924 particulam
1288 1834 1360 1924 γάρ

190 1947 376 2031 diligentius
395 1949 540 2029 tractare,
564 1947 682 2032 quippe
701 1949 795 2022 cuius
813 1945 950 2020 uoculae
969 1947 1056 2032 apud
1074 1945 1275 2013 Herodotum
1292 1969 1359 2013 non

186 2055 280 2119 modo
312 2056 489 2120 latissimus
517 2055 573 2120 sed
601 2055 698 2119 etiam
727 2060 793 2118 tam
822 2056 934 2119 uarius
964 2058 1069 2120 exstet
1095 2074 1184 2137 usna,
1215 2061 1253 2119 ut
1280 2057 1359 2121 haec

186 2163 242 2226 illa
271 2164 340 2248 ipse
362 2161 547 2228 Herodotus
576 2181 714 2226 nouasse
745 2161 901 2227 dicendus
932 2163 974 2228 sit
995 2163 1031 2226 in
1058 2162 1241 2228 adhibenda
1262 2154 1383 2248 parti-f

188 2271 261 2335 cula
282 2264 349 2354 γάρ,
374 2275 405 2335 θῖ
427 2271 557 2334 omnino
577 2271 616 2334 in
635 2270 834 2354 explicandis
859 2271 914 2354 eis,
938 2271 1079 2354 quaein
1101 2270 1199 2334 huius
1222 2272 1359 2336 uoculae

188 2399 252 2443 usu
278 2379 419 2443 maxime
446 2379 575 2463 propria
601 2377 773 2462 habentur,
803 2376 844 2441 ob
872 2378 907 2442 id
934 2379 1042 2462 ipsum
1071 2377 1279 2462 dignissimus
1309 2381 1359 2461 sit,

189 2487 230 2550 ad
253 2505 350 2570 quem
374 2487 573 2568 accedamus,
597 2487 674 2570 quia
697 2485 919 2569 exemplorum
942 2483 1081 2567 exhibet,
1104 2504 1280 2568 corumque
1303 2505 1358 2570 op-

187 2596 338 2659 timorum
371 2613 531 2658 summam
559 2581 809 2657 multitudinem.
834 2629 876 2638 —-
901 2590 1006 2668 Quare
1036 2595 1073 2655 ut
1096 2610 1187 2676 spero
1211 2611 1252 2657 ne
1275 2593 1359 2658 hano

188 2702 319 2785 quidem
353 2698 646 2786 quaestiunculam¹
661 2699 861 2772 instituendi
881 2699 1053 2772 consilium
1074 2699 1153 2781 fore,
1179 2704 1218 2764 ut
1239 2701 1357 2784 impro-

188 2807 290 2890 betur,
312 2809 469 2874 inutileue
492 2809 587 2894 plane
609 2801 760 2872 uideatur
783 2827 862 2890 esse,
883 2809 930 2871 ita
948 2807 1067 2892 optimo
1089 2807 1149 2872 hac
1167 2808 1203 2871 in
1225 2826 1267 2877 re,
1285 2827 1358 2893 ope-

187 2936 256 2980 ram
287 2934 393 2980 meam
423 2915 596 2984 collocasse
627 2916 708 2994 mihi
729 2913 880 2998 uidebor,
912 2915 940 2978 si
970 2915 1011 2979 ad
1042 2915 1283 2980 inlustrandum
1310 2916 1360 2980 in·

187 3024 471 3107 terpretandumue
509 3024 578 3087 diui
615 3023 754 3087 auctoris
790 3023 974 3106 ingenium,
1002 3024 1045 3086 *in
1085 3042 1148 3106 quo
1186 3023 1359 3088 lectitando

187 3130 419 3214 tractandoque
440 3131 506 3195 iam
530 3131 587 3194 diu
610 3130 706 3196 ualde
725 3128 875 3213 oblector,
898 3115 1138 3215 aliquantulum
1158 3132 1269 3196 credar
1287 3151 1360 3214 pro-

187 3237 308 3303 fecisse.

188 3393 399 3402 ———---—-

276 3468 302 3538 *)
320 3469 410 3524 Uarba
428 3469 512 3524 citare
530 3469 611 3524 liceat
629 3485 663 3522 ex
691 3467 744 3535 eiS,
768 3483 837 3537 quae
855 3465 1025 3538 Hartungius
1050 3467 1085 3523 ad
1111 3467 1217 3522 doctam
1236 3484 1314 3522 suam
1333 3470 1360 3521 et

189 3540 324 3608 copiosam
343 3540 375 3595 de
393 3541 534 3610 particulis
548 3541 658 3595 Graecis
677 3539 897 3608 disputationem*
908 3539 1044 3608 praefatus
1064 3541 1105 3594 est
1123 3539 1219 3594 haece:
1240 3539 1359 3609 Diejeni-

167 3628 239 3682 ·gen
262 3605 430 3678 Redetheile,
456 3613 542 3666 denen
565 3612 608 3668 die
633 3609 805 3680 vorliegende
823 3609 1036 3681 Untersuchung
1058 3611 1203 3681 geuddmet
1225 3611 1274 3677 ist,
1298 3611 1360 3664 sind

187 3683 275 3737 ihrem
299 3683 467 3738 materiallon
486 3683 598 3738 Gehalte
621 3683 693 3738 nach
715 3683 759 3736 die
783 3683 1047 3752 unbedeutandsten,
1072 3683 1160 3737 ihrem
1178 3683 1281 3737 Wesen
1303 3683 1360 3736 und

187 3755 301 3809 Warths
319 3756 391 3810 nach
408 3754 472 3809 aber
490 3755 533 3808 die
552 3754 737 3824 wichtigsten:
758 3755 829 3809 donn
847 3755 887 3809 sie
904 3755 1020 3811 maohen
1038 3755 1082 3809 die
1099 3753 1188 3823 Form,
1213 3754 1257 3808 die
1274 3753 1358 3808 Farbe
1422 3751 1429 3758 “

187 3828 243 3881 und
261 3827 314 3881 den
332 3826 567 3896 Zusammenhang
585 3827 633 3880 der
650 3825 732 3879 Reda.
752 3855 786 3865 -
1230 3861 1232 3867 ι
