3248 4840
767 679 962 777 UITA.

369 927 472 991 Natus
502 947 574 991 sum
599 925 756 990 Martinus
781 925 945 990 Gustauus
969 927 1244 992 Broschmann
1273 948 1298 990 a.
1324 926 1352 988 d.
1376 926 1450 990 VII.

281 1017 351 1080 Kal.
370 1016 445 1080 Mai.
465 1037 490 1079 a.
511 1013 769 1078 Mooocnvssr.
807 1014 999 1078 Collodioiae
1018 1015 1193 1097 Saxonum,
1215 1021 1304 1099 patre
1329 1014 1450 1096 Oarolo,

282 1108 384 1170 dhrioi
406 1104 494 1168 uerbi
516 1105 671 1185 ministro,
694 1110 896 1187 praematura
914 1110 1014 1168 morte
1034 1107 1216 1188 nuperrime
1235 1106 1314 1168 mihi
1334 1111 1450 1187 erepto,

282 1201 381 1258 rnatre
400 1195 525 1274 Emilia,
550 1199 679 1276 egente
698 1193 933 1274 MarezoIIIana,
959 1215 1023 1277 que
1046 1196 1151 1258 adhuc
1175 1197 1306 1258 uiuente
1325 1196 1448 1256 ritiuom

282 1285 338 1346 diu
361 1285 480 1367 possim
506 1284 629 1346 lactarii
668 1282 757 1346 FIdei
781 1283 928 1346 addictus
951 1304 1024 1345 sum
1047 1285 1261 1366 euangelicae.
1304 1283 1354 1346 Ab
1378 1285 1447 1365 ipso

281 1380 370 1456 patre
394 1378 424 1456 et
448 1374 612 1435 literarrnn
642 1373 834 1436 rudimentis
864 1374 1039 1436 instructus
1070 1379 1101 1436 et
1128 1375 1240 1456 primis
1263 1373 1442 1452 linguarum
1499 1449 1501 1454 Ι

282 1465 486 1545 auhqnarum
510 1462 675 1526 elementis
698 1460 842 1524 imbutus
866 1483 892 1524 a.
916 1463 945 1526 h.
971 1482 993 1524 s.
1017 1461 1154 1527 LXXII,
1180 1462 1328 1524 Gothain'·
1345 1467 1445 1522 trans·

280 1553 427 1634 migraui,
458 1551 568 1632 ibique
590 1570 647 1634 per
670 1569 727 1613 sex
752 1551 866 1614 deinde
891 1571 992 1614 annos
1015 1553 1221 1634 gymnasium
1245 1551 1448 1632 frequentem

280 1642 416 1703 inlustre
444 1640 660 1720 Ernestinum,
693 1640 780 1721 quod
808 1639 841 1701 M
849 1641 1085 1722 arqnardtio
1117 1645 1239 1704 rectore
1277 1640 1450 1703 laetissime

280 1750 369 1793 nunc
391 1730 559 1812 magisque
577 1731 612 1791 in
631 1728 698 1792 dies
717 1727 817 1809 floret,
840 1731 892 1791 oui
912 1731 983 1792 uiro
1003 1730 1196 1811 doctissimo,
1220 1730 1449 1792 burnonissimo

281 1821 367 1882 sicut
390 1820 503 1882 ceteris
527 1819 670 1881 eiusdem
695 1819 855 1900 gymnasii
878 1819 1138 1902 praeceptoribus
1169 1839 1310 1882 surnraas
1333 1817 1451 1880 habere

280 1910 399 1992 gratias
423 1927 590 1989 nunquam
615 1907 772 1970 desistam.
801 1906 886 1970 'Nee
915 1927 980 1970 non
1005 1909 1118 1990 quiin
1143 1908 1273 1970 domum
1298 1925 1390 1969 snam
1414 1927 1450 1968 ao

279 1999 433 2060 familiam
456 1995 687 2078 benignissime
710 2015 761 2058 me
784 1997 913 2079 recepit,
943 2002 974 2060 et
997 1998 1153 2080 optimum
1177 2003 1272 2079 atque
1302 1997 1450 2079 pulcher-

280 2089 399 2150 rimum
428 2086 571 2167 quidque
602 2085 750 2148 adamare
779 2104 830 2148 me
860 2084 988 2148 edocuit
1015 2087 1215 2150 auunculum
1239 2087 1449 2164 carissimum,

281 2176 461 2238 scholarum
491 2194 578 2236 nunc
602 2173 765 2237 Gothanae
788 2179 891 2237 terrae
914 2176 1090 2238 ciuicarum
1114 2174 1278 2258 Ephorum
1297 2176 1350 2257 pia
1369 2194 1448 2236 sem-

280 2285 337 2348 per
360 2264 464 2328 oolam
486 2270 640 2346 grataque
664 2265 825 2328 memoria.
867 2262 1097 2328 Testimonium
1122 2264 1247 2345 deinde,
1271 2264 1357 2346 quod
1385 2283 1448 2325 ma-

280 2356 418 2417 turitatis
443 2354 563 2433 dicunt,
590 2359 728 2417 nanctus
758 2373 783 2415 a.
807 2354 836 2415 h,
861 2373 883 2416 s.
907 2352 1093 2419 LXXVIII.
1138 2352 1279 2437 lipsiam
1303 2371 1355 2415 me
1374 2372 1450 2416 con-

280 2445 354 2525 tuli,
386 2444 502 2506 studiis
535 2461 662 2526 operam
696 2447 875 2506 nauaturus
907 2443 1117 2527 philologieis.
1171 2442 1222 2504 Ibi
1254 2443 1446 2524 peruenias

279 2534 345 2596 fere
368 2552 456 2595 nunc
480 2551 537 2594 sex
560 2551 686 2596 menses
710 2532 826 2595 scholis
851 2532 991 2614 intertui,
1015 2551 1094 2614 quas
1112 2533 1177 2594 uiri
1195 2531 1379 2595 habuerunt
1400 2533 1449 2593 in-

280 2623 464 2685 lustrissimi
483 2641 512 2683 v.
532 2621 697 2703 Bahder,
715 2621 907 2703 Brandes,
926 2621 1134 2704 Brugmon,
1155 2620 1332 2700 Certiae,
1351 2618 1450 2682 Dro-

279 2712 408 2792 bisch,
430 2709 640 2791 Eckstein,
663 2710 829 2792 Heinze,
852 2710 1074 2791 Hermann,
1098 2709 1245 2792 Lange,
1268 2708 1450 2793 Lipsius,

279 2799 492 2880 Pueckert,
528 2798 723 2881 Ribbeck,
763 2821 791 2861 v.
824 2798 1093 2883 Struempell,
1132 2798 1258 2882 Voigt,
1290 2798 1449 2878 Wundt,

280 2889 463 2952 Zarncke.
502 2887 673 2952 Seminarii
691 2890 771 2971 regii
789 2890 932 2952 historici
956 2909 1013 2972 per
1035 2889 1236 2952 semestrium
1261 2888 1379 2952 sodalis
1401 2887 1449 2952 fui

281 2980 350 3041 eius
370 2978 489 3058 classis,
513 2997 609 3059 quam
627 2998 656 3038 r.
678 2977 734 3040 der
752 2977 861 3062 Ropp
881 2976 1091 3059 ministrabat,
1115 2997 1151 3040 ac
1170 2996 1226 3061 per
1245 2997 1304 3040 sex
1322 2995 1449 3042 menses

279 3069 421 3130 societati
442 3068 641 3150 antiquariae
660 3066 784 3149 Iripsii
806 3069 920 3150 hospes
943 3067 1082 3130 intertui.
1130 3066 1254 3141 Quibus
1277 3068 1358 3130 uiris
1382 3086 1449 3132 om·

279 3157 385 3238 nibus,
408 3162 445 3220 ut
468 3176 608 3219 summas
636 3155 737 3219 habeo
766 3175 954 3239 semperque
982 3156 1105 3219 habebo
1133 3158 1260 3239 gratias,
1290 3157 1334 3217 ita
1356 3153 1449 3241 Lip-

279 3248 384 3309 sium
416 3247 523 3308 uirum
560 3247 789 3324 doctiSsimum,
823 3247 878 3327 qui
912 3252 943 3308 et
975 3245 1108 3307 consilio
1141 3244 1370 3326 benignissime
1397 3267 1449 3310 me

279 3335 414 3417 adiuuit,
444 3342 474 3398 et
498 3337 617 3398 maiore
647 3355 743 3417 quam
767 3335 830 3396 dici
853 3339 956 3417 potest
978 3333 1168 3396 liberalitate
1193 3351 1232 3395 ex
1257 3333 1348 3398 libris
1372 3337 1448 3416 suis,

280 3424 398 3506 quibus
421 3431 528 3487 uterer
550 3426 608 3487 hos
639 3425 710 3487 illo's
734 3423 958 3506 suppeditauit,
986 3424 1167 3506 gratissima
1194 3441 1319 3506 semper
1342 3444 1448 3508 prose—

281 3534 361 3596 quar
384 3513 611 3576 beneficiorum
637 3515 797 3576 memoria.

349 3671 507 3726 scribebam
525 3672 634 3739 Lipsiae
652 3687 728 3724 mens
747 3671 810 3724 Mai.
831 3671 1091 3730 Moeocoxxxrr.
