3248 4840
751 224 1036 324 --se--¹

278 413 360 494 esset
383 396 527 488 ὀλίγῳ
492 425 550 486 γαρ
574 395 710 487 ὕστερον,
740 423 845 507 neque
876 424 973 469 causa
1002 408 1070 467 crat
1100 423 1197 488 quare
1227 405 1288 468 ista
1317 405 1444 468 dirime-

277 483 349 556 'rent
349 514 389 556 ιιι
421 497 461 576 (p.
487 493 571 574 250).
628 491 732 568 Quare
764 513 805 556 ne
836 495 870 556 in
903 493 1066 556 Herodoto
1034 494 1227 576 tquidem
1262 494 1444 557 offensionis

279 581 456 666 quidquam
475 581 572 646 habet
588 582 764 666 particulae
782 602 840 666 γαρ
859 583 943 646 uel'
935 603 970 645 m
990 583 1100 646 eadem
1119 584 1353 666 praepositione
1377 575 1443 644 ἄπο

277 672 452 753 collocatio,
474 691 580 754 neque
603 671 800 752 mirabimur
824 691 882 735 cur
905 672 1036 735 dixerit:

364 777 438 864 Vll.
462 780 583 860 223,4;
609 771 676 840 ἀπὸ
699 774 757 861 γὰρ
779 781 838 840 τοῦ
861 774 950 862 ὄρεος
975 815 1013 823 -

412 884 437 947 Ι.
463 887 582 967 123,t:
608 878 672 947 ἀπ’
697 883 817 948 ἑωυτοῦ
839 880 899 969 γάρ
925 923 965 932 -

378 989 437 1054 ΙΧ.
461 994 583 1074 49,15;
605 984 671 1053 o'rrd
690 995 749 1054 νοῦ
766 995 918 1072 ποταμοῦ
936 987 1003 1077 γάρ,
1022 1013 1097 1056 cum
1116 1013 1207 1058 suam
1227 1013 1355 1078 quoque
1375 994 1443 1056 loco

278 1082 345 1145 uim
368 1102 405 1144 ac
427 1087 551 1165 pota
484 1086 551 1144 esta
552 1087 616 1145 tem
638 1081 756 1145 habeat
743 1081 953 1165 tptariculae
976 1079 1034 1165 γάρ
1058 1082 1231 1147 collocatio.

364 1169 502 1233 Ειιειιιι
493 1191 528 1232 ιιι
557 1172 602 1234 eis
628 1191 710 1254 quae
732 1171 845 1276 legunt
848 1190 886 1234 ur
915 1171 1001 1276 apud
1023 1171 1167 1246 Herodot
1154 1178 1223 1235 tum
1254 1171 1394 1254 Π.129
1406 1175 1442 1235 8

275 1253 319 1322 τό
339 1280 375 1322 τε
399 1255 478 1321 ἄλλα
502 1254 560 1365 γάρ
582 1281 637 1368 μιν
659 1262 775 1365 κρίνειν
798 1259 842 1340 εὖ,
866 1260 920 1322 και
942 1256 981 1323 ιιι
1003 1261 1057 1322 καὶ
1079 1264 1124 1322 τῶ
1107 1255 1391 1366 ἐπιμεμφομένῳ
1411 1255 1445 1322 ἐκ

275 1350 330 1433 τῆς
353 1349 439 1450 δίκης
460 1342 545 1433 παρ’
576 1346 697 1412 ἑωυτοῦ
726 1343 852 1411 διδόντα
881 1345 962 1411 ἄλλα
986 1321 1239 1440 ἀποπιμπλάναι
1267 1343 1367 1414 uriaco
1389 1347 1446 1413 τὸν

275 1431 447 1517 θιμόν-
473 1435 638 1502 commode
666 1439 745 1501 mihi
775 1437 928 1502 uidentur
955 1435 1126 1502 coniuncta
1155 1459 1224 1503 esse
1247 1445 1321 1504 ante
1345 1459 1444 1502 uocu-

276 1528 339 1590 lam
361 1521 431 1610 γόρι
462 1521 505 1588 ια’
525 1547 562 1590 ιε
585 1523 673 1607 ἄλλα,
705 1528 781 1610 quia
804 1528 904 1591 uerba
925 1523 966 1590 ιὰ
991 1524 1126 1590 αλλαι
1089 1549 1111 1592 u
1115 1523 1199 1612 tpote
1223 1531 1269 1592 eis
1293 1531 1444 1613 opposita

277 1637 358 1699 quae
380 1637 437 1700 per
455 1618 628 1700 particulas
647 1617 700 1678 καὶ
723 1613 762 1702 δὴ
780 1638 833 1678 και
829 1617 1043 1697 inferuntur,
1063 1618 1170 1680 dirimi
1189 1623 1364 1701 nequeunt,
1387 1618 1444 1680 sed

276 1707 395 1770 maiore
418 1707 453 1768 ui
476 1708 568 1769 iuxta
590 1711 756 1789 ponuntur
779 1706 871 1768 initio
895 1707 1133 1770 enuntiationis,

364 1793 404 1858 ln
436 1815 501 1858 uno
535 1796 673 1878 denique
705 1796 774 1858 loco
807 1796 944 1878 longiori
977 1796 1056 1857 mihi
1088 1815 1157 1859 esse
1189 1798 1284 1860 liceat
1317 1798 1373 1879 qui
1397 1801 1444 1859 est

361 1964 555 2080 ἀπικόμενοι
578 1970 613 2035 δὲ
635 1968 726 2076 παρὰ
749 1968 785 2034 ab
806 1975 869 2035 τῶν
887 1971 1084 2037 Ποτνιέωνί
1072 1968 1204 2055 ιρόν-
1226 1969 1369 2036 ἐνθαῦτα
1387 1967 1444 2044 τάς

275 2082 311 2124 νε
334 2065 406 2132 νέας
430 2055 598 2145 ἀνείρυσαν
620 2083 673 2123 και
697 2057 981 2144 περιεβάλοντο”
956 2082 1044 2144 ερκος
1067 2062 1120 2124 και
1142 2061 1245 2125 λίθων
1266 2063 1320 2124 και
1343 2057 1444 2136 ξύλων

278 2150 394 2213 -καὶ
424 2145 736 2233 παρεσκευάδαιο“
715 2173 755 2221 ως
778 2145 1068 2251 πολιορκησόμενοι
1090 2151 1143 2213 καὶ
1172 2145 1213 2222 ὥς
1241 2149 1440 2237 νικήσοντες.

275 2233 330 2302 ἐπ
355 2233 526 2323 ἀμφότεροι
557 2234 778 2320 ἐπιλεγόμενοι
800 2236 859 2323 γὰρ
883 2233 1163 2345 παρεσκευάζοντο.
1210 2239 1258 2304 De
1287 2242 1438 2304 hocloco

275 2331 390 2393 ιιιιιιι
392 2336 530 2414 erpretes
483 2329 675 2393 tdisscnt
663 2331 756 2412 tiunt,
781 2336 857 2393 uta
803 2331 894 2393 talii
917 2325 1057 2394 uerba’
1040 2350 1084 2391 επ
1120 2321 1297 2432 αμῳόιιρα
1311 2333 1442 2392 coniun-

275 2424 352 2503 gant
381 2439 455 2482 cunr
479 2426 614 2502 sequent
601 2419 687 2483 tibus
718 2439 799 2502 quae
828 2420 981 2502 leguntur
1010 2413 1231 2499 ἐπιλεγόμενοι
1258 2413 1315 2504 γάρ
1338 2417 1443 2503 (quod

275 2513 448 2591 praecunte
417 2507 641 2572 tSchaefero
664 2509 810 2572 toccrtun
829 2508 929 2572 Sabo.
950 2508 993 2570 St
1017 2509 1077 2573 Ab
1096 2508 1171 2572 Dict
1158 2509 1301 2590 tschius)
1325 2509 1379 2571 alii
1403 2507 1443 2570 ad

275 2602 330 2660 ιιιι
317 2597 473 2661 tteooden
453 2603 497 2660 ιιι
528 2604 583 2681 ροι
584 2599 680 2661 inst
667 2597 822 2661 trahenda
846 2617 914 2660 esse
943 2603 1102 2680 censeant,
1134 2599 1179 2662 ita
1202 2604 1238 2661 ut
1226 2597 1444 2661 treferantur

275 2687 315 2749 ad
339 2706 376 2750 ea
400 2706 481 2769 quae
511 2692 566 2750 ant
554 2687 705 2750 ttecedun
692 2679 772 2758 ιὼς
800 2648 1102 2789 πολιορκησόμενοι
1109 2687 1163 2750 καὶ
1191 2681 1230 2757 ὡς
1259 2681 1443 2772 νικιισονιες,

276 2774 362 2858 quod
381 2796 455 2838 cum
470 2773 599 2839 Reislrio
619 2777 733 2839 maluit
756 2775 921 2856 Baehrius,
947 2778 1003 2858 qui
1025 2797 1100 2840 men
1103 2777 1222 2840 tionem
1244 2775 1365 2839 faciens
1389 2795 1442 2839 ec-

274 2885 356 2946 rum,
381 2866 437 2967 qui
460 2865 501 2927 ad
524 2863 789 2947 subsequentiat
777 2865 908 2928 ttrabun
930 2864 1030 2928 uerba
1053 2866 1124 2928 illa:
1150 2867 1306 2969 „quodsi
1330 2865 1443 2927 admi-t

274 2955 400 3016 ιιι“ιιιιί
392 2954 499 3035 inquit
529 2955 633 3035 „haud
657 2957 722 3017 scio
747 2975 787 3017 an
818 2954 914 3016 scribi
944 2956 1085 3038 oportuit
1107 2949 1166 3016 ἐπ’
1190 2947 1356 3058 οιμμόιερα
1373 2949 1444 3104 tyrio

274 3036 521 3123 ἑπιλεγόμενοιιι
572 3040 675 3118 Quam
703 3040 877 3107 uerborum
907 3045 1188 3144 transpositionem
1214 3045 1283 3127 ipse
1310 3044 1344 3112 in
1373 3047 1444 3104 tex-

275 3137 344 3195 tum
368 3133 509 3216 recipere
531 3131 604 3195 ideo
623 3153 687 3196 non
713 3132 806 3196 dubi-t
792 3133 929 3194 tauerim
946 3134 1022 3214 quia
1040 3132 1099 3196 hoc
1124 3139 1256 3234 excepto
1225 3133 1342 3195 toloco
1367 3151 1444 3194 nus-

276 3242 372 3304 quam
396 3222 533 3284 similem
551 3220 695 3286 Herodot
683 3228 734 3286 tus
759 3221 889 3284 exhibet
877 3227 983 3305 tpart
970 3223 1087 3285 ticulae
1110 3216 1168 3304 γάρ
1192 3221 1444 3286 collocationem.

275 3310 392 3374 Contra
421 3312 589 3413 separandi
613 3303 758 3375 uerba
736 3333 776 3381 ως
798 3304 1039 3380 νικόσονιες-
1063 3305 1336 3393 παρεσκευάζοντο
1361 3327 1444 3392 quae

274 3399 440 3485 Kruegero
464 3402 536 3464 uisa
559 3406 607 3464 est
629 3402 787 3464 necessit
769 3406 851 3463 atem
876 3419 934 3484 ego
958 3420 1024 3462 non
1046 3402 1094 3462 int
1082 3401 1265 3464 telleri-

361 3507 530 3570 Praeterea
540 3507 638 3610 apud
661 3507 804 3572 Herodot
791 3512 860 3571 tum
883 3507 1152 3591 permultlocisrs
1174 3508 1378 3571 remotiorem
1403 3505 1442 3570 ab

275 3597 505 3660 enuntiationis
537 3598 598 3659 init
599 3598 629 3659 ιο
585 3598 810 3660 tsedemt
785 3603 830 3671 ιιι
862 3597 1011 3660 uidemus
1042 3603 1114 3682 part
1102 3597 1234 3660 ticulam
1257 3591 1316 3699 γάρ
1348 3615 1444 3660 occu·

273 3692 351 3770 pant
352 3690 532 3768 amantea
554 3689 687 3750 sentent
666 3695 719 3768 tra,
743 3688 795 3751 cui
813 3689 883 3770 ipsa
905 3687 984 3750 haec
1004 3687 1120 3750 uooula
1142 3686 1230 3749 addit
1218 3692 1270 3750 tur
1293 3688 1328 3748 in
1347 3686 1445 3750 aliam

275 3777 529 3839 enuntiationem
552 3774 663 3840 eodem
683 3777 809 3839 modo
800 3777 905 3839 ιιιιιιιιι
907 3782 999 3856 ttaur,
1024 3795 1087 3858 quo
1110 3776 1206 3859 paulo
1230 3795 1270 3838 an
1272 3781 1323 3840 tea
1346 3795 1445 3859 expo-

275 3866 371 3928 situm
395 3869 450 3929 est.
491 3863 539 3946 Id,
563 3884 637 3927 cum
659 3865 822 3928 interdum
840 3865 960 3928 factum
984 3865 1033 3945 sit,
1056 3864 1113 3928 ubi
1132 3870 1204 3948 post
1221 3866 1324 3948 prima
1342 3883 1444 3928 enun-

274 3955 416 4018 tiationis
439 3952 548 4035 uerba,
573 3973 654 4038 quae
676 3974 734 4038 per
756 3955 946 4038 particulam
969 3957 1025 4016 καί
1041 3954 1304 4018 antecedentibus
1327 3952 1445 4016 adnec-

274 4045 361 4125 titur,
384 4046 543 4108 seuteutia
566 4045 703 4107 causalis
721 4039 779 4127 γάρ
797 4045 898 4107 inlata
916 4045 1121 4127 anteponitur
1145 4045 1174 4106 ei
1198 4045 1290 4107 cuius
1303 4062 1446 4106 causam

275 4134 432 4198 continet:

363 4240 421 4304 HI.
449 4244 565 4324 1232·
596 4244 652 4304 καί
679 4263 738 4313 κος
767 4239 908 4326 ἱμείρετο
940 4239 998 4325 γὰρ
1029 4262 1200 4326 χρημαιων
1228 4235 1371 4321 μεγαλως
1403 4277 1442 4286 -

275 4324 544 4412 ἀποπέμπει.-
