3248 4840
760 231 980 302 ...44-

278 413 328 478 int
315 412 441 479 tellexit
427 413 510 478 taio
533 412 717 522 dispu4ans:
751 420 818 497 „est
804 415 950 478 thic“'
941 415 1050 498 ruquit
1081 417 1217 497 „usitata
1184 411 1296 480 tilla
1317 409 1453 481 Nostro“

279 496 551 568 4444440444444
538 507 764 609 ινπέρβατον.
801 503 899 569 Ualet
885 508 973 568 ttau
974 523 1025 567 em
1047 510 1129 568 τοῖσι
1147 503 1250 567 44-
1274 498 1344 609 ἱρόν
1366 505 1452 570 idem

278 594 366 657 acsi
390 583 565 658 dmsseffl
547 615 596 656 οτι
619 593 719 655 44-
743 593 811 694 (uel
833 587 948 678 επειδὴ
967 592 1015 676 44
1037 599 1118 656 τοῖσι
1141 585 1273 678 ἀνδράσι
1295 587 1353 656 οὐκ
1375 587 1452 658 ίιπε

277 703 392 763 μειναν
412 675 456 744 τὰ
477 705 504 745 τ.
507 675 740 767 ,ἱδρύσαντοί
728 675 873 788 ιρόνὸθ).

367 771 424 835 IV
448 732 523 854 204,
540 774 578 835 4:
603 773 667 834 τῶν
689 769 724 834 44
746 773 816 833 πᾶν
837 765 897 855 γὰρ
920 756 959 855 44
981 766 1018 834 τὸ
1022 769 1171 878 πλῆθος
1192 774 1367 852 μεταίτιον,
1396 765 1454 835 444

278 855 423 925 ἐδέκοντο
436 857 511 930 τούς
516 820 691 939 λόγονς-
649 879 778 944 -ptro
799 857 889 940 οἱ,δὲ
907 862 977 922 πᾶν
994 856 1054 943 γὰρ
1072 846 1111 945 44
1129 883 1166 922 το
1155 855 1347 946 ἱ’πλῆθος
1329 864 1398 924 east
1410 899 1452 909 -

276 971 339 1014 νων
360 952 533 1030 μεταίτιον,
562 941 620 1012 οὐκ
642 943 685 1013 ἐδ.
708 972 736 1012 τ.
759 947 855 1012 4.-
814 968 976 1032 —quem
999 949 1109 1014 locum
1138 951 1235 1014 etiam
1257 949 1452 1016 Kuehnerus

278 1041 384 1123 attigit
370 1038 448 1103 t.II
472 1039 731 1190 §75411044

365 1125 440 1191 VH.
466 1129 591 1209 142,1;
619 1121 725 1190 ταῦτα’
751 1143 806 1208 σφι
834 1119 1000 1232 ἠπιώτερα
1029 1122 1088 1229 444
1115 1129 1180 1190 τῶν
1196 1133 1389 1235 προτέρων
1398 1128 1452 1192 καὶ

276 1203 316 1280 44
333 1238 387 1279 και
377 1210 513 1280 ἐδόκει
532 1205 623 1295 εἶναι,
646 1210 908 1321 συγγραψάμενοι
927 1208 1206 1280 ἆπαλλασσοντο’
1189 1237 1221 1288 ες
1238 1213 1296 1288 τὰς
1298 1211 1452 1323 Ἀθήνας.

365 1304 456 1369 VIII.
481 1306 610 1386 94,14;
641 1308 744 1409 44:444
767 1299 945 1417 λεγόντοιν
945 1299 1109 1415 ἀπιστέειν
1137 1301 1218 1411 γὰρ
1218 1301 1276 1368 τὸν
1298 1299 1451 1412 Ἀδείμαν-

275 1415 341 1475 τον,
366 1380 456 1464 αὖτις
477 1354 556 1456 τάδε
578 1392 687 1473 λέγειν,
717 1387 757 1464 ὡς
785 1387 878 1458 οὗτοι
907 1382 973 1458 οἷοί
999 1414 1036 1458 τε
1064 1385 1131 1458 εἶεν
1159 1387 1309 1476 ἀγόμενοι
1336 1387 1452 1481 ὅμηροι

277 1445 496 1588 47:4444'44444
520 1519 560 1530 -

364 1571 424 1638 ΙΧ.
450 1573 570 1655 1097
594 1574 635 1660 44
658 1570 693 1635 44
714 1573 816 1642 κακῶς
838 1569 898 1656 γὰρ
920 1566 991 1636 ἔδει
1012 1575 1164 1660 πανοικίῃ
1187 1575 1345 1653 γενέσθαι,
1369 1569 1451 1658 πρὸς

276 1665 381 1726 ταῦτα
401 1652 476 1725 εἶπε
494 1660 624 1748 Ξέρξῃ·
643 1660 799 1762 Ilatiuum
817 1664 858 1748 44
874 1679 933 1764 per
955 1662 1185 1726 adtractionem
1210 1663 1450 1728 accomodatum

276 1771 346 1816 esse
370 1751 472 1815 uerbo
495 1752 672 1816 sententiae
695 1771 714 1814 a
736 1745 794 1834 γάρ
817 1752 1017 1834 incipientis:
1041 1754 1143 1822 κακῶς
1164 1746 1287 1836 γάρ-
1311 1753 1450 1836 particu-

274 1842 325 1905 lae
347 1835 406 1923 γάρ
430 1840 627 1904 collocatio
618 1859 689 1922 ipsa
712 1839 811 1904 docet

363 1928 439 1992 Huc
456 1927 575 1992 referre
593 1928 688 1992 liceat
674 1932 780 1992 tcum
799 1927 931 2008 Steinio,
955 1928 1040 2011 quod
1063 1929 1201 2030 legimus
1220 1927 1277 1992 IV.
1299 1931 1441 2012 16415:

273 2020 369 2082 τοῦτο
393 2012 450 2080 ἐπὶ
473 2015 574 2080 παντὶ
595 2011 654 2099 γὰρ
672 2039 716 2101 τῳ
702 2017 889 2118 διδομένῳ
908 2012 1003 2096 ἔλεγε,
1026 2011 1261 2080 τιιλειιταῖόνι
1229 2039 1260 2080 οι
1279 1979 1449 2103 ἐξίπίμψε

274 2098 413 2192 δῶρονί
397 2129 414 2169 ο
437 2099 638 2171 Εὐέλθων
614 2125 771 2188 ατρακτον
792 2100 925 2190 χρύσεον
947 2106 1001 2168 καὶ
1023 2099 1227 2208 ἠλακάτην,
1251 2127 1448 2192 quamquam

273 2195 456 2261 membrum
479 2195 563 2259 illud
585 2196 693 2273 τοῦτο,
718 2195 805 2278 quod
827 2195 929 2259 uerbo
952 2197 1130 2260 sententiae
1152 2190 1211 2280 γάρ
1241 2197 1448 2281 interpositae

273 2287 452 2351 adtractum
474 2284 634 2366 uidemus,
663 2245 704 2348 ιδ
726 2282 977 2367 subsequentem
1007 2286 1160 2348 orationis
1188 2290 1311 2369 partem
1334 2285 1447 2351 referri

272 2393 339 2438 non
367 2378 422 2458 pot
423 2379 478 2438 cst.
458 2372 662 2438 tIlticm'
654 2393 688 2436 ιιι
712 2391 749 2438 eo
773 2374 931 2438 assentior
953 2372 1088 2456 Steinio,
1113 2374 1200 2457 quod
1222 2375 1320 2440 huius
1344 2394 1449 2440 enun-

272 2465 343 2528 ιιιιι
372 2464 465 2527 initio
489 2462 649 2528 excidisse
677 2466 770 2546 putat
790 2463 982 2546 particulam
1004 2465 1066 2541 καί,
1091 2483 1189 2547 quam
1219 2465 1247 2527 si
1270 2465 1448 2528 restitueri-

272 2573 354 2635 mus,
378 2553 474 2617 etism
497 2552 600 2636 magis
623 2553 720 2616 huius
744 2553 976 2616 sentententiae
999 2553 1080 2616 ratio
1104 2552 1235 2618 accedet
1257 2553 1297 2616 ad
1326 2558 1447 2618 ceteras

271 2641 458 2707 huiusmodi
490 2645 676 2708 structuras.
723 2640 841 2705 Contra
872 2640 958 2724 quod
987 2642 1139 2704 uoculam
1169 2636 1247 2704 ἐπεί
1273 2641 1447 2706 Abichtius

272 2736 345 2815 post
370 2733 466 2794 τοῦτο
488 2732 630 2796 inserere
653 2731 758 2794 uoluit
780 2749 818 2794 eo
840 2731 910 2814 ipse
932 2749 998 2792 non
1021 2730 1234 2813 probauerim,
1258 2731 1344 2814 quod
1368 2752 1447 2796 nus-

273 2840 371 2904 quam
398 2820 485 2904 apud
507 2819 710 2883 Herodotum
738 2820 852 2883 inueni
881 2819 965 2882 hanc
991 2820 1182 2902 particulam
1210 2820 1322 2884 eodem
1350 2821 1446 2884 modo

272 2909 448 2974 secundam
471 2910 703 2972 enuntiationis
726 2908 835 2972 sedem
859 2908 1066 2974 obtinentem.

271 3007 275 3012 '
361 2999 549 3062 Alterum
588 2997 686 3060 buius
725 2997 984 3061 enuntiationum
1020 2997 1198 3062 causalium
1237 2998 1446 3064 adtractionis

272 3107 376 3172 genus
399 3087 434 3151 id
457 3090 521 3168 est,
553 3091 590 3149 ut
613 3085 794 3150 membrum
816 3085 910 3167 illud,
941 3085 1026 3169 quod
1050 3087 1181 3169 utrique
1203 3106 1374 3152 commune
1397 3093 1447 3152 est

272 3177 495 3258 enuntiationi,
515 3195 589 3239 cum
609 3194 687 3238 casu
704 3175 905 3238 nominatius
925 3193 1113 3258 expressum
1132 3176 1299 3240 antecedat
1286 3181 1389 3241 ttsen
1389 3196 1445 3241 en-

270 3268 350 3330 tiam
366 3267 537 3347 causalem,
555 3266 596 3330 ad
612 3266 706 3328 cuius
723 3263 861 3328 uerbum
875 3282 990 3347 regens
1006 3265 1129 3328 adtract
1116 3270 1185 3328 tum
1203 3270 1290 3329 estu
1267 3266 1445 3330 utsubiec·

271 3359 350 3437 tum,
370 3356 592 3420 enuntiatione
610 3354 811 3475 insequenti,
822 3354 916 3417 cuius
931 3372 1028 3416 causa
1041 3355 1257 3437 praemittitur
1257 3359 1446 3437 ,turrepeta

270 3463 329 3528 per
359 3445 596 3528 pronominis,
599 3436 722 3521 ‚4464
746 3461 857 3506 casum
881 3441 1021 3525 aliquem
1045 3442 1222 3525 obliquum
1271 3441 1445 3527 Exempla-

269 3535 319 3597 ιιι
342 3538 433 3596 sunt:

359 3621 383 3685 I.
410 3623 549 3703 11410:
575 3607 622 3691 εἷς
645 3615 683 3725 44
706 3614 828 3682 τούτων
850 3622 914 3682 τῶν
936 3601 1075 3682 παιδίων
1093 3614 1327 3726 σνμπαίζωνῇ
1310 3617 1371 3683 444
1388 3613 1443 3705 Ἀρ-

269 3706 446 3796 τεμβαρεος
467 3716 547 3780 παῖς
565 3702 681 3815 ἀνδρὸς
711 3703 884 3789 δαίμον’
867 3729 903 3770 εν
926 3705 1067 3814 M44caca
1090 3702 1127 3772 οὗ
1154 3704 1213 3792 γὰρ
1242 3705 1328 3794 44'
1311 3712 1443 3794 εποίησε

268 3797 307 3864 τὸ
330 3793 574 3886 4404444444'
557 3819 592 3860 εκ
614 3801 672 3860 τοῦ
690 3792 806 3882 Κιιροιι,
830 3791 957 3860 ἐκέλευε
976 3791 1074 3860 αὐτὸν
1095 3795 1169 3870 τούς
1192 3793 1306 3870 ἄλλους
1324 3798 1444 3870 παῖδας

269 3889 441 3972 διαλαβεῖν.
487 3888 657 3953 Praeterea
680 3888 720 3950 de
742 3888 804 3951 hoc
827 3888 897 3952 loco
922 3887 1017 3951 adeas
1040 3887 1413 3978 Waardenburgiumffl).

340 4067 375 4136 ⁵⁶)
394 4067 520 4122 Ceterum
537 4065 583 4118 uir
601 4065 664 4118 doct
665 4081 711 4132 us,
733 4080 797 4118 cum
816 4063 884 4118 benc
903 4064 976 4119 dicet
964 4064 1064 4118 thenc
1081 4063 1210 4132 loquendi
1227 4065 1343 4120 formam
1361 4063 1443 4134 paulo

268 4138 360 4192 minus
379 4137 534 4192 offensionis
552 4136 706 4190 habituram
725 4152 792 4203 esse,
812 4136 837 4190 si
856 4137 917 4204 post
935 4128 1051 4211 ἀνδράσι
1069 4152 1176 4190 comma
1193 4135 1284 4190 deleat
1272 4139 1325 4204 ι,ιιι
1350 4137 1444 4190 tamen

268 4227 303 4264 ne
321 4209 367 4262 hic
385 4209 495 4277 quidem
514 4208 628 4262 delere
621 4224 680 4276 1pee
698 4223 805 4260 comma
823 4222 907 4261 susus
926 4210 975 4261 est.

339 4281 433 4352 51)]1ο
460 4279 554 4334 natiue
581 4279 713 4348 simplicii
714 4283 758 4333 ate
777 4278 904 4333 Herodot'
885 4281 920 4348 ιι,
948 4297 972 4346 p.
1001 4283 1050 4332 133
1074 4294 1131 4348 sqq
1178 4279 1210 4332 cl.
1237 4277 1441 4348 Hoffmanuum,

268 4352 466 4424 p...25.VIl
