3248 4840
647 189 964 292 -ae-'

269 405 328 469 ΙΙΙ.
355 409 467 490 15,13.
488 410 539 489 33,
550 409 578 472 3.
599 407 712 489 80,11.
733 409 784 488 87,
794 409 823 470 2.

273 495 328 562 IV.
354 498 405 579 35,
418 498 466 560 10.
489 499 622 577 181,12.

286 585 325 648 V.
350 587 402 667 67,
413 587 464 650 20.
486 587 620 667 103,11.
653 585 709 648 Vl.
729 587 781 667 27,
792 588 820 650 2.

254 674 327 740 VII.
352 677 443 756 51,8.
464 677 516 756 56,
527 677 555 740 8.
577 677 650 756 168,
660 677 689 737 2.

235 763 327 827 VIII.
354 765 488 846 101,17.
522 763 581 826 IX.
606 766 697 845 37,3.

265 853 329 916 Uix
356 853 439 916 illud
467 853 665 916 monendum
693 857 741 916 est
771 853 883 916 eodem
913 853 1007 916 modo
1041 855 1069 916 si
1097 856 1250 937 negatiua
1277 875 1349 918 sen-

171 943 273 1005 tentia
294 961 352 1026 per
374 943 566 1025 particulam
593 935 652 1024 γάρ
676 943 940 1006 antecedentibus
971 944 1173 1026 adiungitur,
1203 944 1349 1008 adhiberi

172 1032 346 1114 particulas
376 1025 469 1094 οὐδέ
498 1024 568 1115 γάρ
596 1033 691 1114 plane
721 1032 951 1115 respondentes
978 1031 1182 1096 Latinorum:
1216 1053 1274 1115 „ne
1306 1072 1348 1080 -

175 1121 322 1203 quidem“
348 1119 463 1202 (Kueh.
488 1121 530 1183 ΙΙ.
554 1141 583 1203 p.
609 1123 681 1183 855.
706 1122 747 1184 ad
764 1119 829 1201 '2.):
917 1128 921 1136 '

261 1209 320 1273 ΠΙ.
344 1212 396 1292 22,
414 1212 470 1272 21;
496 1202 652 1292 οὐδὲγὰρ
677 1201 716 1271 ἂν
733 1212 873 1272 τοσαῦτα
897 1211 950 1290 (sc.
970 1205 1058 1294 ἔτεα)
1082 1204 1241 1274 δυόασθαι
1260 1208 1348 1285 ζώειν

172 1303 277 1379 σφέας,
301 1295 332 1362 εἰ
352 1296 398 1385 μὴ
421 1302 467 1384 τῷ
490 1293 615 1379 πόμασι
639 1291 802 1381 ἀνέφερον.
843 1298 935 1364 VIII.
961 1301 1033 1364 103.
1058 1305 1115 1362 etc.
1140 1306 1197 1364 ete.

260 1389 292 1469 δ)
314 1387 481 1453 Postremo
504 1388 680 1472 particulae
703 1387 757 1449 xci
779 1383 838 1470 γαρ
856 1389 949 1452 initio
974 1391 1151 1453 sententiae
1170 1391 1215 1453 ita
1233 1391 1346 1474 legun-

171 1482 225 1540 tur
247 1497 318 1540 sese
341 1479 548 1562 excipientes
577 1483 614 1542 ut
637 1497 712 1540 cum
734 1478 893 1560 particula
915 1471 980 1559 γάρ’
1003 1478 1043 1540 ad
1067 1478 1289 1542 antecedentia
1312 1485 1349 1543 ut

172 1567 253 1630 solet
276 1569 530 1632 enuntiationem
553 1567 677 1646 referat,
700 1566 874 1629 uoculae
896 1568 964 1627 καί
985 1567 1159 1630 alterum
1182 1586 1348 1651 respon-

173 1656 265 1719 deat
289 1659 359 1718 καί
386 1657 629 1739 insequenS,
653 1657 707 1718 cui
730 1657 911 1739 opponitur,
935 1657 1006 1719 siue
1028 1657 1205 1739 particulae
1228 1660 1284 1718 καί
1307 1695 1346 1704 -

172 1748 228 1806 καί
249 1745 289 1808 ad
313 1747 459 1829 singulas
483 1750 609 1809 tantum
632 1746 780 1808 notiones
803 1745 983 1826 trahuntur,
1012 1747 1082 1808 siue
1106 1745 1146 1808 ad
1170 1750 1252 1808 totos
1275 1765 1348 1810 uer-

171 1834 287 1898 borum
311 1836 508 1917 compienne,
532 1835 571 1898 de
596 1854 661 1916 qua
684 1838 846 1898 structura
868 1834 952 1897 bone
974 1833 1213 1918 Hoogeueenus
1238 1836 1347 1918 dispu-

171 1925 254 1987 tauit
276 1924 317 2007 (p.
338 1922 432 2007 295):
458 1923 533 2006 „ubi
557 1924 675 1987 οοιιλίοα
694 1924 803 2006 inquit
825 1923 1030 2005 „bimembris
1050 1927 1106 2004 est,
1134 1921 1289 2006 sequente
1314 1921 1362 1987 in'

173 2012 271 2076 altero
295 2013 439 2077 membro
463 2015 524 2092 καί,
555 2014 645 2096 prius
668 2013 751 2076 illud
773 2015 829 2074 καί
850 2012 981 2075 didetur
1010 2032 1075 2076 non
1106 2017 1171 2076 tam
1199 2015 1349 2097 copulare

171 2103 328 2165 rationem
345 2104 539 2186 praemissis,
559 2123 656 2186 quam
667 2104 786 2185 opponi
800 2097 883 2163 κατὰ
896 2095 1150 2164 πολυσυόιδετουιι
1167 2101 1217 2186 (ef.
1228 2101 1348 2187 Krueg.

171 2189 221 2256 Di.
291 2194 342 2255 69.
368 2195 410 2256 32
436 2195 476 2255 21
502 2212 532 2256 n.
557 2194 598 2255 3.

247 2192 285 2345 §L
312 2283 384 2362 120,
403 2241 436 2345 d:
467 2273 484 2341 d
509 2278 544 2343 dd
571 2190 689 2358 ιλοῖυτα,
718 2272 776 2341 ὅσα
804 2299 869 2363 περ
899 2277 930 2340 οἱ
953 2272 1070 2365 ἀληθέι
1092 2273 1172 2386 λόγου
1195 2278 1346 2362 βασιλέες,

171 2362 321 2431 ἐτελέωσε
344 2364 480 2455 ποιήσας
499 2389 505 2402 ·
524 2369 589 2431 καὶ
611 2364 679 2451 γὰρ
702 2364 898 2451 δορυφόρους
927 2367 1183 2454 ‚caramagna
1209 2370 1274 2431 καὶ
1298 2363 1347 2448 οἶγ-

172 2453 378 2542 γελιηφόρυυς
406 2459 472 2520 καὶ
499 2454 540 2520 τὰ
572 2455 672 2520 λοιπὰ
695 2453 804 2519 πάντα
829 2451 978 2531 διατάξας
1000 2457 1091 2541 ἠρχεε
1122 2479 1209 2521 narn
1238 2463 1276 2521 et
1299 2479 1348 2522 sa-

171 2547 298 2628 tellites,
322 2552 357 2611 et
379 2549 532 2612 ianitores
555 2552 595 2610 et
613 2548 839 2628 internuntios
862 2551 899 2609 et
918 2548 1032 2610 ceteris
1050 2549 1172 2610 muniis
1191 2548 1347 2611 inst‘tutis

134 2703 137 2709 ,
171 2637 342 2719 imperium
366 2639 519 2701 exercuit.

260 2725 298 2828 V,
326 2728 420 2808 1,12:
445 2725 509 2788 καὶ
531 2724 603 2808 γὰρ
622 2721 722 2809 ἄνδρα
742 2718 919 2808 (indoleat
938 2722 1043 2786 ἵππον
1061 2722 1156 2809 ἵππῳ
1174 2725 1346 2808 συνέβαλον

169 2835 234 2876 και
256 2836 337 2876 κυυα
359 2819 438 2878 κυνί.

258 2921 429 2986 Praeterea
452 2923 564 2986 eodem
588 2922 683 2985 modo
711 2923 859 2986 notiones
882 2917 964 2983 κατὰ
993 2916 1226 2984 πολοσύυδετου
1249 2932 1345 3006 oppo-

169 3016 294 3073 nuntur
312 3031 369 3095 per
386 3012 561 3095 particulas
580 3011 633 3073 καὶ
651 3009 709 3095 γὰρ
730 3049 771 3056 -
790 3014 846 3072 καί
865 3049 904 3058 —
924 3014 992 3074 aad:
1016 3011 1040 3074 Ι.
1067 3013 1139 3093 135,
1154 3013 1182 3074 2.
1205 3013 1279 3093 199,
1291 3014 1344 3076 26.

169 3116 210 3182 II.
236 3119 356 3200 30,14.
390 3121 441 3201 64,
460 3122 488 3181 7.
517 3121 604 3201 83,3
630 3119 698 3198 (ubi
730 3120 904 3202 quinquies
928 3120 1063 3182 iteratur
1088 3120 1248 3202 porticula
1269 3120 1344 3199 aaa).

169 3208 525 3378 ἑξξ9,,2(1).401ἶ,284,3,
551 3209 649 3290 81,3.
675 3211 815 3290 191,13.
849 3208 906 3271 VI.
929 3210 1053 3290 41,19.
1079 3210 1220 3290 119,12.
1254 3207 1343 3272 VIII.

192 3339 221 3377 ι,
254 3345 260 3358 .
353 3347 359 3360 .
405 3348 411 3375 ,
459 3347 465 3359 .

258 3403 440 3468 Particulae
472 3403 526 3466 καὶ
556 3397 616 3487 γάρ
647 3441 691 3450 -
723 3406 779 3465 καί
810 3440 849 3449 -
885 3401 962 3488 (κοιλ
994 3405 1040 3467 ita
1072 3404 1274 3485 adhibentur,
1306 3408 1343 3465 ut

168 3493 304 3557 uoculae
333 3497 390 3556 καί
412 3532 452 3541 -
481 3496 537 3556 καί
565 3495 605 3557 ad
636 3498 718 3556 totas
747 3495 921 3556 sententias
952 3495 1125 3557 trahendae
1154 3495 1232 3571 sint,
1262 3511 1345 3574 quae

169 3585 457 3665 argumentationis
479 3583 534 3647 uel
558 3583 783 3666 explicationis
802 3576 861 3664 γάρ
879 3583 997 3647 inlatae
1015 3588 1181 3666 tamquam
1200 3582 1345 3645 membra

169 3670 328 3735 efficiunt:

257 3778 282 3841 I.
309 3781 381 3860 167,
401 3780 437 3841 9;
470 3770 489 3864 ἡ
518 3776 553 3840 δέ
579 3780 690 3862 Πυθίη
714 3782 812 3858 σφέας
835 3774 979 3842 ἐκέλευσε
1002 3784 1125 3842 ποιέειν
1147 3773 1188 3842 τὰ
1211 3776 1344 3841 καλοῦν

168 3865 198 3928 οἱ
221 3859 389 3951 Ἀγυλλαῖοι
412 3863 460 3929 ἔτι
482 3863 680 3930 ἐπιτελέουσι
705 3887 711 3900 ·
734 3888 800 3929 και
828 3890 898 3951 γαρ
926 3869 1099 3947 εναγιζουσί
1124 3885 1179 3949 σφι
1201 3862 1344 3948 μεγάλως

167 3955 222 4017 καὶ
238 3950 342 4035 ἀγῶνα
360 3954 509 4038 γυμνικὸν
522 3957 590 4018 καὶ
608 3951 745 4018 ι’ππικὸυ
763 3952 924 4020 έπισιᾶσιε
944 3978 1032 4021 narn
1047 3957 1268 4041 etmagnifioe
1279 3957 1343 4019 illis

168 4051 338 4128 parentant
360 4052 399 4110 et
420 4047 515 4110 ludos
539 4050 641 4130 agunt
664 4066 751 4110 cum
773 4048 941 4129 gymnicos
965 4052 1035 4110 tum
1059 4053 1231 4130 equestres.

256 4153 315 4216 III.
342 4156 414 4235 160,
433 4158 467 4215 7:
500 4148 630 4238 ἐτίμησε
659 4153 696 4215 δέ
725 4174 781 4233 μιν
808 4147 950 4233 μεγάλως
975 4173 980 4187 ·
1004 4153 1071 4215 καὶ
1098 4150 1170 4237 γὰρ
1198 4147 1286 4236 δῶρα
1314 4151 1344 4215 οἱ

169 4234 229 4303 ἀνὰ
253 4246 321 4304 πᾶν
344 4238 413 4312 ἔτος
440 4238 559 4320 ἐδίδου,
586 4281 626 4288 -
650 4242 716 4304 καὶ
742 4238 802 4326 τὴν
824 4237 1002 4324 Βαβυλῶνα
1030 4241 1060 4304 οἱ
1083 4238 1180 4305 ἔδωκε
1209 4237 1343 4313 ἀτελέος

167 4335 335 4412 νέμεσθαι,
369 4371 408 4378 ι-
432 4332 497 4394 καὶ
530 4327 611 4394 ἄλλα
635 4329 741 4394 πολλὰ
774 4327 928 4394 ἐπέδωκα
954 4331 1138 4396 Praeterea:
1173 4333 1197 4396 Ι.
1223 4335 1274 4414 61,
1291 4335 1342 4399 20.
