3248 4840
645 239 865 300 -47-

67 435 73 444 ·
167 415 392 499 appellationis
416 415 582 499 emphasin
606 415 858 497 confugiendum
878 414 971 478 nobis
994 416 1063 495 1111,
1087 435 1160 479 oum
1179 417 1214 478 in
1238 416 1341 478 omni·

168 505 227 568 bus
250 505 330 568 locis
366 523 424 606 per
454 505 604 568 uoculam
635 498 695 586 γάρ
726 523 824 567 causa
855 506 992 587 praemit
993 506 1016 567 ti
1040 505 1184 606 putanda
1207 506 1249 568 sit
1272 506 1341 568 eius

169 594 408 672 enuntiationis,
422 612 524 744 tiquac
557 592 774 675 subsequitur.
819 591 909 655 Haec
942 611 1019 657 uero
1051 594 1121 676 ipsa
1153 595 1342 674 enuntiatio

169 684 263 745 cuius
286 683 501 765 praemittitur
524 701 621 745 causa
643 701 701 764 per
728 683 918 764 particulam
942 676 1115 763 papatiam
1136 682 1341 765 apudHero-

166 771 277 834 dotum
302 772 487 854 saepissime
519 772 674 834 iussum
709 771 870 852 quendam
903 771 1046 834 continet
1068 771 1122 833 nel
1152 770 1341 834 adhorto-

167 862 331 942 tionem,
362 864 458 942 atque
488 861 534 922 ita
564 859 755 942 plerumque
785 858 837 940 fit,
866 864 903 922 ut
932 861 1160 942 imperatiuum
1182 860 1342 942 pamicula

168 949 325 1030 quaedam
359 950 528 1012 comitetur
561 949 763 1029 conclusiua,
802 949 896 1012 ouius
931 953 1111 1013 structurae
1144 950 1342 1032 exemplaria

166 1058 241 1100 cum
264 1057 359 1120 supra
389 1039 454 1100 iam
486 1039 691 1121 exposuerim
714 1036 905 1118 Herodotea,
928 1037 981 1100 hio
1005 1056 1193 1101 enumerare
1216 1043 1341 1100 tanturn

165 1127 246 1188 mihi
262 1127 367 1208 liceat,
389 1127 577 1210 praesertim
596 1144 670 1189 cum
688 1126 814 1190 nullam
832 1127 897 1188 iarn
920 1125 1096 1190 exhibeant
1118 1127 1158 1190 ad
1178 1127 1349 1210 explican-'

166 1215 244 1278 dum
268 1213 438 1278 difficultat
392 1219 497 1279 ttem.
544 1213 629 1278 Sunt
651 1215 763 1278 haece:

256 1303 280 1368 Ι
305 1290 521 1411 30101)
547 1305 657 1385 1213
683 1305 786 1386 124,5
810 1296 899 1388 (νόν).

217 1392 276 1457 ΠΙ.
302 1395 392 1474 634
416 1391 473 1476 (
473 1391 494 1494 )
519 1395 610 1474 835
635 1391 723 1476 (νυν)

220 1442 853 1568 1191111111).11111111)

225 1587 285 1652 IX
311 1590 431 1671 17,16;
457 1614 481 1651 ω
506 1592 646 1668 Φωκέες,
670 1583 817 1690 πρόδηλα
840 1584 898 1690 γὰρ
921 1580 971 1652 ὅτι
993 1581 1094 1674 ἡμέας
1125 1570 1214 1652 oriam
1236 1588 1267 1652 οἱ
1291 1585 1341 1652 ἄν

164 1680 295 1761 θρωποι
317 1677 466 1757 μέλλουσι
482 1671 645 1784 προόπτῳ
669 1672 802 1762 θανάτῳ
826 1672 952 1756 δώσειν,
985 1673 1325 1787 διαβεβλημεύουςι
1275 1675 1341 1741 υπὸ

167 1760 391 1846 Θεσσαλῶν,
369 1789 410 1837 ως
433 1761 492 1846 ἐγώ
516 1761 656 1841 εἰκόζω
684 1769 741 1830 νῦν
764 1763 862 1850 ἄνδρα
890 1762 999 1830 πόννα
1022 1788 1093 1830 τινα
1116 1772 1223 1848 υμέιον
1248 1761 1341 1852 χρεόν

164 1850 230 1919 ἐστι
253 1817 401 1935 reveritur
425 1849 556 1936 (iratior.
1337 1889 1340 1896 ·

255 1958 820 2069 1111.151,11;σι111,1υνάμιός
852 1983 888 2026 τε
920 1959 979 2048 γὰρ
993 1956 1087 2070 ἥκεις
1109 1959 1260 2044 μεγάλως,
1288 1963 1342 2026 καὶ

164 2045 264 2154 μοῖρά
289 2073 340 2114 τοι
368 2055 424 2137 τῆς
444 2046 591 2124 Ἑλλάδος
621 2046 678 2114 οίκ
701 2048 848 2158 ἐλαχίστη
875 2058 958 2133 μένα
983 2049 1113 2136 ἄρχοντί
1133 2074 1167 2132 γε
1190 2052 1340 2160 Σικελίης,

164 2136 287 2223 βοήθεέ
306 2161 343 2204 τε
365 2148 453 2204 τοῖσι
469 2137 675 2225 ἐλευθεροῦσι
697 2138 758 2227 την
778 2133 975 2206 Ελλάδα-
1000 2162 1064 2225 quo
1087 2144 1157 2206 loco
1181 2142 1281 2206 uerba
1304 2136 1338 2204 σ1

165 2230 261 2292 ‹le-
284 2251 342 2314 pro
366 2232 578 2383 appellatione
597 2231 784 2315 accipienda
807 2250 876 2294 esse
899 2233 954 2295 uel
977 2232 1186 2295 collocatione
1203 2232 1341 2295 uoculae

165 2313 225 2401 γάρ
247 2321 317 2402 ipsa
340 2322 491 2384 cernitur.

255 2426 346 2489 VIII.
372 2429 514 2509 101,17;
538 2422 576 2488 σύ
600 2448 644 2488 ων
666 2421 746 2506 ἐμοί,
770 2425 823 2488 καὶ
834 2423 904 2532 *peip
927 2427 1003 2509 περὶ
1026 2429 1082 2512 τῆς
1100 2429 1277 2510 ναυμαχίης
1305 2412 1341 2488 εὖ

165 2509 413 2596 συνεβούλευσας
442 2519 498 2601 1ης
524 2520 692 2599 γενομένης
722 2508 779 2578 oria
806 2511 888 2578 ἐωσα
918 2518 1098 2595 ποιέεσθαι,
1128 2518 1186 2578 νῦν
1207 2535 1244 2577 τε
1267 2534 1341 2594 σιμ-

165 2597 376 2686 βσόλευσον“
361 2599 494 2688 οκόνερα
522 2609 641 2667 ποιέων
671 2599 811 2684 ἐπιτύχω
839 2591 875 2667 εὗ
905 2599 1169 2710 βουλευσόμενος
1205 2604 1244 2668 de
1277 2623 1341 2707 quc

165 2693 548 2775 111181111111111111111,
581 2695 637 2777 qui
665 2694 748 2757 bene
780 2699 870 2757 notat
871 2681 1149 2778 ,η1111111111111’ς
1126 2715 1170 2756 ων
1193 2695 1342 2776 excipio

165 2784 323 2866 particula
345 2785 417 2862 νῦν,
449 2803 546 2866 quam
569 2801 663 2867 saepe
686 2785 722 2844 111
743 2783 848 2846 fronte
816 2785 1008 2866 tpositam
1031 2784 1170 2865 legimus
1194 2783 1342 2846 enuntia·

167 2873 266 2935 tionis
290 2833 511 2936 adhortitiuae
535 2891 609 2935 cum
627 2871 746 2934 uocula
763 2891 800 2934 τε
819 2873 1042 2936 coniunctam:
1067 2872 1091 2936 I.
1114 2874 1186 2953 125,
1198 2876 1226 2935 7.
1250 2871 1341 2934 VIII.

170 2961 291 3042 14111.
337 2961 397 3026 ΙΧ.
421 2961 535 3043 anio.

257 3049 425 3114 interdum
452 3051 622 3113 uocatiuus
646 3051 838 3115 sententiam
863 3051 1023 3114 causalem
1047 3046 1106 3134 γόρ
1133 3052 1342 3135 praemissam

167 3158 234 3201 non
257 3146 313 3203 ant
299 3140 426 3221 tecedit,
450 3139 506 3202 sed
528 3143 600 3222 post
587 3138 723 3202 tuerba
745 3139 897 3326 legit,
825 3159 865 3202 ur
887 3135 945 3222 γάρ
968 3142 1075 3234 inlata.

168 3600 267 3665 Cuius
290 3603 353 3665 loci
376 3603 534 3665 rationem
557 3600 639 3664 bene
655 3505 877 3685 Istuegeriis
868 3602 1030 3666 intellexit
1052 3602 1149 3666 haece
1169 3603 1339 3665 adnot:ans

165 3689 232 3754 Der
254 3689 534 3773 Zusammenhang
566 3689 713 3773 (inquitlz
748 3691 814 3772 „da
845 3691 897 3752 ihr
924 3711 986 3753 uns
1010 3691 1169 3772 verlacht,
1202 3711 1243 3753 so
1273 3691 1341 3753 will

166 3781 218 3843 ioh
243 3799 321 3843 cuer
344 3780 487 3844 Unrecht
511 3780 655 3860 darton‘,
682 3781 728 3842 ita
758 3784 793 3843 ut
823 3781 1032 3864 imperatmus
1064 3780 1193 3842 demum
1217 3775 1341 3842 insciis

166 3869 333 3952 logicaet
335 3889 486 3971 amquam
517 3868 690 3951 apodoseos
720 3870 821 3931 instar
857 3869 1136 3951 accipiendust
1095 3871 1136 3931 sit
1165 3877 1236 3932 sent
1223 3870 1341 3931 tentiae

165 3977 224 4041 per
246 3959 397 4021 uoculam
421 3952 478 4080 γάρ
501 3957 703 4040 praemissae
728 3957 766 4022 cf
790 3957 1016 4079 Hoffmannp.
1041 3956 1158 4021 1111.

254 4063 310 4126 VI
337 4066 387 4146 11,
398 4067 435 4126 5:
460 4059 518 4125 επὶ
516 4067 637 4173 ιξυροῦ
659 4060 717 4146 γὰρ
742 4056 843 4147 ἄκμης
866 4059 973 4141 ἔχεται
996 4057 1073 4166 ημῖν
1094 4059 1135 4125 τὰ
1159 4057 1340 4170 πρόημαια,

166 4148 306 4258 ανδρες
339 4149 477 4260 Ἵιηνες,
510 4175 530 4237 η
564 4173 646 4214 ειναι
678 4146 922 4234 ἐλευθέροισι
903 4174 922 4237 η
952 4152 1164 4215 δο11λοισι-
1167 4157 1266 4215 ,νῦν
1298 4139 1342 4214 ὧν

166 4234 256 4321 υμεῑς
282 4263 322 4341 ην
353 4241 413 4323 μὲν
439 4237 601 4344 βρόληαθε
624 4242 843 4323 ταλαιπωρίας
865 4237 1058 4320 aodexsotlua,
1082 4236 1119 4304 τὰ
1143 4245 1340 4324 παραχρῐμα

164 4330 224 4411 μὲν
242 4325 341 4402 πόνος
362 4357 372 4393 ι
372 4353 436 4411 μιν
458 4327 559 4394 ἔσιαιι
585 4332 703 4415 quibus
723 4332 802 4394 locis
822 4331 900 4413 quid
919 4325 977 4414 γάρ
994 4293 1171 4415 particulae
1190 4333 1341 4413 facerent,
