<?xml version="1.0" encoding="UTF-8"?>
<!DOCTYPE html PUBLIC "-//W3C//DTD XHTML 1.0 Transitional//EN"
    "http://www.w3.org/TR/xhtml1/DTD/xhtml1-transitional.dtd">
<html xmlns="http://www.w3.org/1999/xhtml" xml:lang="en" lang="en">
 <head>
  <title>
</title>
<meta http-equiv="Content-Type" content="text/html;charset=utf-8" />
  <meta name='ocr-system' content='tesseract 3.04.00' />
  <meta name='ocr-capabilities' content='ocr_page ocr_carea ocr_par ocr_line ocrx_word'/>
</head>
<body>
  <div class='ocr_page' id='page_1' title='image "./degarparticulae00brosgoog_0072.png"; bbox 0 0 3248 4840; ppageno 0'>
   <div class='ocr_carea' id='block_1_1' title="bbox 661 226 881 288">
    <p class='ocr_par' dir='ltr' id='par_1_1' title="bbox 661 226 881 288">
     <span class='ocr_line' id='line_1_1' title="bbox 661 226 881 288; baseline 0 -18"><span class='ocrx_word' id='word_1_1' title='bbox 661 226 881 288; x_wconf 68' lang='lat'><strong>-59-.</strong></span> 
     </span>
    </p>
   </div>
   <div class='ocr_carea' id='block_1_2' title="bbox 181 397 1363 3050">
    <p class='ocr_par' dir='ltr' id='par_1_2' title="bbox 181 397 1362 2983">
     <span class='ocr_line' id='line_1_2' title="bbox 183 397 1358 506; baseline 0.003 -40"><span class='ocrx_word' id='word_1_2' title='bbox 183 421 246 487; x_wconf 89' lang='lat' dir='ltr'><strong>que</strong></span> <span class='ocrx_word' id='word_1_3' title='bbox 277 421 408 468; x_wconf 89' lang='lat' dir='ltr'><strong>causam</strong></span> <span class='ocrx_word' id='word_1_4' title='bbox 430 404 639 506; x_wconf 81' lang='lat' dir='ltr'><strong>praemissam</strong></span> <span class='ocrx_word' id='word_1_5' title='bbox 663 421 732 468; x_wconf 89' lang='lat' dir='ltr'><strong>esse</strong></span> <span class='ocrx_word' id='word_1_6' title='bbox 755 421 813 487; x_wconf 93' lang='lat' dir='ltr'><strong>per</strong></span> <span class='ocrx_word' id='word_1_7' title='bbox 834 404 1026 487; x_wconf 81' lang='lat' dir='ltr'>particulam</span> <span class='ocrx_word' id='word_1_8' title='bbox 1048 397 1114 486; x_wconf 79' lang='grc' dir='ltr'><strong>γάρ,</strong></span> <span class='ocrx_word' id='word_1_9' title='bbox 1144 406 1191 468; x_wconf 88' lang='grc' dir='ltr'><strong>ιιι</strong></span> <span class='ocrx_word' id='word_1_10' title='bbox 1219 409 1256 468; x_wconf 91' lang='grc' dir='ltr'><strong>ιιι</strong></span> <span class='ocrx_word' id='word_1_11' title='bbox 1278 405 1358 470; x_wconf 87' lang='lat' dir='ltr'><strong>haec</strong></span> 
     </span>
     <span class='ocr_line' id='line_1_3' title="bbox 183 490 1358 594; baseline 0.002 -38"><span class='ocrx_word' id='word_1_12' title='bbox 183 493 302 556; x_wconf 90' lang='lat' dir='ltr'><strong>uocula</strong></span> <span class='ocrx_word' id='word_1_13' title='bbox 324 512 391 556; x_wconf 92' lang='lat' dir='ltr'><strong>non</strong></span> <span class='ocrx_word' id='word_1_14' title='bbox 413 494 477 556; x_wconf 89' lang='lat' dir='ltr'><strong>nisi</strong></span> <span class='ocrx_word' id='word_1_15' title='bbox 495 511 553 576; x_wconf 93' lang='lat' dir='ltr'><strong>per</strong></span> <span class='ocrx_word' id='word_1_16' title='bbox 576 492 906 594; x_wconf 84' lang='lat' dir='ltr'><strong>„transgressionem“</strong></span> <span class='ocrx_word' id='word_1_17' title='bbox 929 490 1127 576; x_wconf 75' lang='lat' dir='ltr'><strong>uideatur⁴⁷)</strong></span> <span class='ocrx_word' id='word_1_18' title='bbox 1148 493 1243 557; x_wconf 85' lang='lat' dir='ltr'><strong>iuxta</strong></span> <span class='ocrx_word' id='word_1_19' title='bbox 1260 495 1358 578; x_wconf 89' lang='lat' dir='ltr'><strong>parti-</strong></span> 
     </span>
     <span class='ocr_line' id='line_1_4' title="bbox 182 574 1356 735; baseline 0 -89"><span class='ocrx_word' id='word_1_20' title='bbox 182 582 288 646; x_wconf 82' lang='lat' dir='ltr'><strong>culam</strong></span> <span class='ocrx_word' id='word_1_21' title='bbox 320 574 403 644; x_wconf 81' lang='grc' dir='ltr'>οἷλλιι</span> <span class='ocrx_word' id='word_1_22' title='bbox 431 581 587 646; x_wconf 89' lang='lat' dir='ltr'><strong>collocata</strong></span> <span class='ocrx_word' id='word_1_23' title='bbox 617 599 694 646; x_wconf 88' lang='lat' dir='ltr'><strong>esse.</strong></span> <span class='ocrx_word' id='word_1_24' title='bbox 739 581 790 644; x_wconf 83' lang='lat' dir='ltr'><strong>Ac</strong></span> <span class='ocrx_word' id='word_1_25' title='bbox 812 582 953 665; x_wconf 91' lang='lat' dir='ltr'><strong>primum</strong></span> <span class='ocrx_word' id='word_1_26' title='bbox 976 582 1108 664; x_wconf 92' lang='lat' dir='ltr'><strong>quidem</strong></span> <span class='ocrx_word' id='word_1_27' title='bbox 1129 583 1227 735; x_wconf 82' lang='lat' dir='ltr'><strong>hanc,</strong></span> <span class='ocrx_word' id='word_1_28' title='bbox 1259 604 1356 666; x_wconf 89' lang='lat' dir='ltr'><strong>quam</strong></span> 
     </span>
     <span class='ocr_line' id='line_1_5' title="bbox 182 671 1356 755; baseline -0.001 -19"><span class='ocrx_word' id='word_1_29' title='bbox 182 673 319 755; x_wconf 85' lang='lat' dir='ltr'>exposui</span> <span class='ocrx_word' id='word_1_30' title='bbox 352 689 420 734; x_wconf 89' lang='lat' dir='ltr'><strong>esse</strong></span> <span class='ocrx_word' id='word_1_31' title='bbox 448 671 681 736; x_wconf 88' lang='lat' dir='ltr'><strong>sententiarum</strong></span> <span class='ocrx_word' id='word_1_32' title='bbox 708 671 866 735; x_wconf 88' lang='lat' dir='ltr'><strong>rationem</strong></span> <span class='ocrx_word' id='word_1_33' title='bbox 888 671 1042 735; x_wconf 88' lang='lat' dir='ltr'><strong>facillime</strong></span> <span class='ocrx_word' id='word_1_34' title='bbox 1050 673 1216 772; x_wconf 88' lang='lat' dir='ltr'><strong>cernitur,</strong></span> <span class='ocrx_word' id='word_1_35' title='bbox 1245 672 1304 737; x_wconf 88' lang='lat' dir='ltr'><strong>ubi</strong></span> <span class='ocrx_word' id='word_1_36' title='bbox 1327 675 1356 737; x_wconf 92' lang='lat' dir='ltr'><strong>ei</strong></span> 
     </span>
     <span class='ocr_line' id='line_1_6' title="bbox 182 753 1357 914; baseline 0 -88"><span class='ocrx_word' id='word_1_37' title='bbox 182 761 406 914; x_wconf 82' lang='lat' dir='ltr'><strong>enuntiationi,</strong></span> <span class='ocrx_word' id='word_1_38' title='bbox 430 779 513 843; x_wconf 87' lang='lat' dir='ltr'><strong>quae</strong></span> <span class='ocrx_word' id='word_1_39' title='bbox 531 778 590 824; x_wconf 86' lang='lat' dir='ltr'><strong>een</strong></span> <span class='ocrx_word' id='word_1_40' title='bbox 591 760 726 824; x_wconf 89' lang='lat' dir='ltr'><strong>tentiam</strong></span> <span class='ocrx_word' id='word_1_41' title='bbox 744 761 851 842; x_wconf 87' lang='lat' dir='ltr'><strong>sequit</strong></span> <span class='ocrx_word' id='word_1_42' title='bbox 852 779 892 824; x_wconf 90' lang='lat' dir='ltr'><strong>ur</strong></span> <span class='ocrx_word' id='word_1_43' title='bbox 838 753 996 824; x_wconf 72' lang='lat' dir='ltr'><strong>tutae</strong></span> <span class='ocrx_word' id='word_1_44' title='bbox 1018 753 1089 865; x_wconf 78' lang='grc' dir='ltr'><strong>γάρ</strong></span> <span class='ocrx_word' id='word_1_45' title='bbox 1094 761 1176 825; x_wconf 85' lang='lat' dir='ltr'><strong>iniat</strong></span> <span class='ocrx_word' id='word_1_46' title='bbox 1162 764 1228 826; x_wconf 88' lang='lat' dir='ltr'><strong>tam</strong></span> <span class='ocrx_word' id='word_1_47' title='bbox 1247 761 1357 826; x_wconf 87' lang='lat' dir='ltr'><strong>addita</strong></span> 
     </span>
     <span class='ocr_line' id='line_1_7' title="bbox 183 842 1357 935; baseline 0 -21"><span class='ocrx_word' id='word_1_48' title='bbox 183 854 231 914; x_wconf 89' lang='lat' dir='ltr'><strong>est</strong></span> <span class='ocrx_word' id='word_1_49' title='bbox 253 849 412 935; x_wconf 83' lang='lat' dir='ltr'><strong>particula</strong></span> <span class='ocrx_word' id='word_1_50' title='bbox 434 850 633 927; x_wconf 90' lang='lat' dir='ltr'><strong>conclusiua,</strong></span> <span class='ocrx_word' id='word_1_51' title='bbox 657 868 834 931; x_wconf 84' lang='lat' dir='ltr'><strong>quaecum</strong></span> <span class='ocrx_word' id='word_1_52' title='bbox 857 855 930 913; x_wconf 86' lang='lat' dir='ltr'><strong>sent</strong></span> <span class='ocrx_word' id='word_1_53' title='bbox 930 853 985 912; x_wconf 90' lang='grc' dir='ltr'>ιιιι</span> <span class='ocrx_word' id='word_1_54' title='bbox 985 849 1050 913; x_wconf 90' lang='lat' dir='ltr'><strong>iam</strong></span> <span class='ocrx_word' id='word_1_55' title='bbox 1069 842 1152 912; x_wconf 77' lang='grc' dir='ltr'><em>ἀλλά</em></span> <span class='ocrx_word' id='word_1_56' title='bbox 1172 851 1357 915; x_wconf 89' lang='lat' dir='ltr'><strong>incohatam</strong></span> 
     </span>
     <span class='ocr_line' id='line_1_8' title="bbox 183 931 1356 1042; baseline 0 -40"><span class='ocrx_word' id='word_1_57' title='bbox 183 939 277 1004; x_wconf 95' lang='grc' dir='ltr'>ιιιι]</span> <span class='ocrx_word' id='word_1_58' title='bbox 296 939 551 1003; x_wconf 81' lang='lat' dir='ltr'><strong>enuntiationem</strong></span> <span class='ocrx_word' id='word_1_59' title='bbox 570 937 741 1020; x_wconf 79' lang='lat' dir='ltr'><strong>causalem,</strong></span> <span class='ocrx_word' id='word_1_60' title='bbox 766 957 848 1021; x_wconf 90' lang='lat' dir='ltr'><strong>quae</strong></span> <span class='ocrx_word' id='word_1_61' title='bbox 866 931 925 1021; x_wconf 80' lang='grc' dir='ltr'><strong>γάρ</strong></span> <span class='ocrx_word' id='word_1_62' title='bbox 943 940 1119 1042; x_wconf 86' lang='lat' dir='ltr'><strong>praemittit</strong></span> <span class='ocrx_word' id='word_1_63' title='bbox 1120 960 1160 1004; x_wconf 92' lang='lat' dir='ltr'><strong>ur</strong></span> <span class='ocrx_word' id='word_1_64' title='bbox 1178 939 1356 1004; x_wconf 81' lang='lat' dir='ltr'><strong>adtractum</strong></span> 
     </span>
     <span class='ocr_line' id='line_1_9' title="bbox 183 1028 1356 1129; baseline 0.001 -38"><span class='ocrx_word' id='word_1_65' title='bbox 183 1029 331 1092; x_wconf 89' lang='lat' dir='ltr'><strong>denuot</strong></span> <span class='ocrx_word' id='word_1_66' title='bbox 332 1047 483 1110; x_wconf 89' lang='lat' dir='ltr'><strong>amquam</strong></span> <span class='ocrx_word' id='word_1_67' title='bbox 513 1028 666 1112; x_wconf 82' lang='lat' dir='ltr'><strong>excipiat,</strong></span> <span class='ocrx_word' id='word_1_68' title='bbox 696 1029 951 1092; x_wconf 86' lang='lat' dir='ltr'><strong>enuntiationem</strong></span> <span class='ocrx_word' id='word_1_69' title='bbox 983 1029 1170 1129; x_wconf 86' lang='lat' dir='ltr'><strong>primariam</strong></span> <span class='ocrx_word' id='word_1_70' title='bbox 1202 1029 1356 1093; x_wconf 88' lang='lat' dir='ltr'><strong>inducere</strong></span> 
     </span>
     <span class='ocr_line' id='line_1_10' title="bbox 182 1111 1357 1202; baseline 0.001 -21"><span class='ocrx_word' id='word_1_71' title='bbox 182 1117 274 1181; x_wconf 88' lang='lat' dir='ltr'><strong>uidet</strong></span> <span class='ocrx_word' id='word_1_72' title='bbox 261 1123 329 1198; x_wconf 88' lang='lat' dir='ltr'><strong>t,ur</strong></span> <span class='ocrx_word' id='word_1_73' title='bbox 363 1118 457 1180; x_wconf 90' lang='lat' dir='ltr'><strong>cuius</strong></span> <span class='ocrx_word' id='word_1_74' title='bbox 479 1118 637 1182; x_wconf 89' lang='lat' dir='ltr'><strong>rationem</strong></span> <span class='ocrx_word' id='word_1_75' title='bbox 669 1135 727 1200; x_wconf 88' lang='lat' dir='ltr'><strong>per</strong></span> <span class='ocrx_word' id='word_1_76' title='bbox 758 1117 951 1200; x_wconf 68' lang='lat' dir='ltr'><strong>partiendam</strong></span> <span class='ocrx_word' id='word_1_77' title='bbox 983 1111 1042 1200; x_wconf 82' lang='grc' dir='ltr'>γιίρ</span> <span class='ocrx_word' id='word_1_78' title='bbox 1071 1119 1283 1202; x_wconf 85' lang='lat' dir='ltr'><strong>antepositam</strong></span> <span class='ocrx_word' id='word_1_79' title='bbox 1311 1118 1357 1182; x_wconf 93' lang='lat' dir='ltr'><strong>le-</strong></span> 
     </span>
     <span class='ocr_line' id='line_1_11' title="bbox 217 1226 307 1269; baseline 0 0"><span class='ocrx_word' id='word_1_80' title='bbox 217 1226 307 1269; x_wconf 91' lang='lat' dir='ltr'><strong>mus:</strong></span> 
     </span>
     <span class='ocr_line' id='line_1_12' title="bbox 182 1209 1355 1400; baseline 0.002 -44"><span class='ocrx_word' id='word_1_81' title='bbox 182 1209 216 1291; x_wconf 70' lang='lat' dir='ltr'><strong>gi</strong></span> <span class='ocrx_word' id='word_1_82' title='bbox 270 1295 309 1356; x_wconf 90' lang='lat' dir='ltr'><strong>V.</strong></span> <span class='ocrx_word' id='word_1_83' title='bbox 333 1297 363 1376; x_wconf 87' lang='lat'><strong>3,</strong></span> <span class='ocrx_word' id='word_1_84' title='bbox 382 1297 417 1358; x_wconf 86' lang='grc'><strong>2;</strong></span> <span class='ocrx_word' id='word_1_85' title='bbox 451 1291 483 1356; x_wconf 81' lang='grc' dir='ltr'><strong>εἰ</strong></span> <span class='ocrx_word' id='word_1_86' title='bbox 512 1285 591 1358; x_wconf 77' lang='lat' dir='ltr'><strong>dd‘</strong></span> <span class='ocrx_word' id='word_1_87' title='bbox 573 1317 622 1358; x_wconf 84' lang='grc' dir='ltr'><strong>υπ</strong></span> <span class='ocrx_word' id='word_1_88' title='bbox 663 1288 732 1365; x_wconf 78' lang='grc' dir='ltr'><strong><em>ἑνὸς</em></strong></span> <span class='ocrx_word' id='word_1_89' title='bbox 760 1289 891 1397; x_wconf 76' lang='grc' dir='ltr'>ἄρχοιτο</span> <span class='ocrx_word' id='word_1_90' title='bbox 924 1289 1096 1400; x_wconf 67' lang='grc' dir='ltr'>ἢφρονέοι</span> <span class='ocrx_word' id='word_1_91' title='bbox 1127 1291 1209 1358; x_wconf 81' lang='grc' dir='ltr'><strong>κατὰ</strong></span> <span class='ocrx_word' id='word_1_92' title='bbox 1242 1288 1355 1375; x_wconf 79' lang='grc' dir='ltr'>νιινιὸ,</span> 
     </span>
     <span class='ocr_line' id='line_1_13' title="bbox 183 1375 1357 1490; baseline 0.001 -44"><span class='ocrx_word' id='word_1_93' title='bbox 183 1379 308 1465; x_wconf 80' lang='grc' dir='ltr'><strong><em>ἄμαχόν</em></strong></span> <span class='ocrx_word' id='word_1_94' title='bbox 325 1377 355 1446; x_wconf 79' lang='grc' dir='ltr'><strong>ι’</strong></span> <span class='ocrx_word' id='word_1_95' title='bbox 375 1375 415 1446; x_wconf 79' lang='grc' dir='ltr'><strong>ἂν</strong></span> <span class='ocrx_word' id='word_1_96' title='bbox 438 1380 496 1489; x_wconf 84' lang='grc' dir='ltr'><strong>εἴη</strong></span> <span class='ocrx_word' id='word_1_97' title='bbox 506 1405 560 1446; x_wconf 89' lang='grc' dir='ltr'><strong>και</strong></span> <span class='ocrx_word' id='word_1_98' title='bbox 550 1382 690 1490; x_wconf 79' lang='grc' dir='ltr'>πολλῷ</span> <span class='ocrx_word' id='word_1_99' title='bbox 707 1376 873 1488; x_wconf 77' lang='grc' dir='ltr'>κράτιστον</span> <span class='ocrx_word' id='word_1_100' title='bbox 891 1403 1023 1446; x_wconf 84' lang='grc' dir='ltr'>πανιων</span> <span class='ocrx_word' id='word_1_101' title='bbox 1041 1378 1163 1447; x_wconf 79' lang='grc' dir='ltr'>ἐθνέιον</span> <span class='ocrx_word' id='word_1_102' title='bbox 1180 1379 1263 1447; x_wconf 81' lang='grc' dir='ltr'><strong><em>κατὰ</em></strong></span> <span class='ocrx_word' id='word_1_103' title='bbox 1285 1405 1357 1464; x_wconf 77' lang='grc' dir='ltr'><strong><em>γνω-</em></strong></span> 
     </span>
     <span class='ocr_line' id='line_1_14' title="bbox 181 1465 1359 1579; baseline 0.001 -45.023"><span class='ocrx_word' id='word_1_104' title='bbox 181 1495 246 1559; x_wconf 80' lang='grc' dir='ltr'><strong>μην</strong></span> <span class='ocrx_word' id='word_1_105' title='bbox 267 1470 327 1579; x_wconf 79' lang='grc' dir='ltr'><strong>τὴν</strong></span> <span class='ocrx_word' id='word_1_106' title='bbox 350 1465 455 1557; x_wconf 52' lang='grc' dir='ltr'><strong>ἐμήν</strong></span> <span class='ocrx_word' id='word_1_107' title='bbox 476 1466 576 1536; x_wconf 78' lang='grc' dir='ltr'>ἄλλοι</span> <span class='ocrx_word' id='word_1_108' title='bbox 599 1468 667 1555; x_wconf 80' lang='grc' dir='ltr'><strong>γὰρ</strong></span> <span class='ocrx_word' id='word_1_109' title='bbox 689 1475 785 1535; x_wconf 78' lang='grc' dir='ltr'>τοῦτο</span> <span class='ocrx_word' id='word_1_110' title='bbox 810 1465 935 1576; x_wconf 77' lang='grc' dir='ltr'><strong>ἄπορόν</strong></span> <span class='ocrx_word' id='word_1_111' title='bbox 957 1489 1013 1553; x_wconf 81' lang='grc' dir='ltr'><strong>σφι</strong></span> <span class='ocrx_word' id='word_1_112' title='bbox 1045 1471 1099 1534; x_wconf 80' lang='grc' dir='ltr'><strong>καὶ</strong></span> <span class='ocrx_word' id='word_1_113' title='bbox 1123 1465 1287 1559; x_wconf 80' lang='grc' dir='ltr'><strong>ἀμήχανον</strong></span> <span class='ocrx_word' id='word_1_114' title='bbox 1310 1466 1359 1559; x_wconf 81' lang='grc' dir='ltr'><strong>μή</strong></span> 
     </span>
     <span class='ocr_line' id='line_1_15' title="bbox 181 1553 1358 1646; baseline 0.002 -22"><span class='ocrx_word' id='word_1_115' title='bbox 181 1582 255 1624; x_wconf 77' lang='grc' dir='ltr'><strong>κοτε</strong></span> <span class='ocrx_word' id='word_1_116' title='bbox 278 1557 446 1646; x_wconf 80' lang='grc' dir='ltr'>ἐγγένηται,</span> <span class='ocrx_word' id='word_1_117' title='bbox 478 1559 538 1624; x_wconf 82' lang='grc' dir='ltr'><strong>εἰσὶ</strong></span> <span class='ocrx_word' id='word_1_118' title='bbox 561 1557 600 1646; x_wconf 80' lang='grc' dir='ltr'><strong>δὴ</strong></span> <span class='ocrx_word' id='word_1_119' title='bbox 623 1558 705 1624; x_wconf 82' lang='grc' dir='ltr'><strong><em>κατὰ</em></strong></span> <span class='ocrx_word' id='word_1_120' title='bbox 728 1564 825 1624; x_wconf 77' lang='grc' dir='ltr'>τοῦτο</span> <span class='ocrx_word' id='word_1_121' title='bbox 849 1553 1007 1632; x_wconf 72' lang='grc' dir='ltr'><strong><em>ἀσθενέες.</em></strong></span> <span class='ocrx_word' id='word_1_122' title='bbox 1054 1561 1144 1626; x_wconf 90' lang='lat' dir='ltr'><strong>Bene</strong></span> <span class='ocrx_word' id='word_1_123' title='bbox 1166 1561 1358 1626; x_wconf 84' lang='lat' dir='ltr'><strong>Abichtium</strong></span> 
     </span>
     <span class='ocr_line' id='line_1_16' title="bbox 182 1643 1357 1756; baseline -0.002 -41"><span class='ocrx_word' id='word_1_124' title='bbox 182 1653 302 1716; x_wconf 87' lang='lat' dir='ltr'><strong>iniuria</strong></span> <span class='ocrx_word' id='word_1_125' title='bbox 325 1652 474 1715; x_wconf 90' lang='lat' dir='ltr'><strong>hocloco</strong></span> <span class='ocrx_word' id='word_1_126' title='bbox 492 1652 640 1735; x_wconf 83' lang='lat' dir='ltr'><strong>praecise,</strong></span> <span class='ocrx_word' id='word_1_127' title='bbox 659 1651 782 1714; x_wconf 89' lang='lat' dir='ltr'><strong>dictum</strong></span> <span class='ocrx_word' id='word_1_128' title='bbox 806 1670 881 1720; x_wconf 86' lang='lat' dir='ltr'><strong>cum</strong></span> <span class='ocrx_word' id='word_1_129' title='bbox 899 1649 1066 1735; x_wconf 87' lang='lat' dir='ltr'><strong>Kruegero</strong></span> <span class='ocrx_word' id='word_1_130' title='bbox 1084 1655 1199 1756; x_wconf 84' lang='lat' dir='ltr'><strong>putant</strong></span> <span class='ocrx_word' id='word_1_131' title='bbox 1200 1669 1252 1714; x_wconf 90' lang='lat' dir='ltr'><strong>em</strong></span> <span class='ocrx_word' id='word_1_132' title='bbox 1276 1643 1357 1714; x_wconf 82' lang='grc' dir='ltr'><em>ἀλλὰ</em></span> 
     </span>
     <span class='ocr_line' id='line_1_17' title="bbox 183 1732 1357 1825; baseline 0 -23"><span class='ocrx_word' id='word_1_133' title='bbox 183 1736 241 1823; x_wconf 76' lang='grc' dir='ltr'><strong>γάρ</strong></span> <span class='ocrx_word' id='word_1_134' title='bbox 268 1741 475 1824; x_wconf 80' lang='lat' dir='ltr'><strong>reprehendit</strong></span> <span class='ocrx_word' id='word_1_135' title='bbox 461 1739 587 1806; x_wconf 86' lang='grc' dir='ltr'>ι8ιιιι.</span> <span class='ocrx_word' id='word_1_136' title='bbox 612 1738 666 1821; x_wconf 87' lang='grc' dir='ltr'><strong>(Π.</strong></span> <span class='ocrx_word' id='word_1_137' title='bbox 689 1761 719 1825; x_wconf 94' lang='lat' dir='ltr'><strong>p.</strong></span> <span class='ocrx_word' id='word_1_138' title='bbox 744 1737 810 1822; x_wconf 79' lang='lat'>25),</span> <span class='ocrx_word' id='word_1_139' title='bbox 841 1741 898 1823; x_wconf 90' lang='lat' dir='ltr'><strong>qui</strong></span> <span class='ocrx_word' id='word_1_140' title='bbox 926 1741 1085 1804; x_wconf 89' lang='lat' dir='ltr'><strong>sententia</strong></span> <span class='ocrx_word' id='word_1_141' title='bbox 1115 1732 1196 1803; x_wconf 78' lang='grc' dir='ltr'><em>ἀλλὰ</em></span> <span class='ocrx_word' id='word_1_142' title='bbox 1227 1735 1286 1823; x_wconf 80' lang='grc' dir='ltr'><strong>γὰρ</strong></span> <span class='ocrx_word' id='word_1_143' title='bbox 1314 1778 1357 1787; x_wconf 94' lang='lat'><strong>—-</strong></span> 
     </span>
     <span class='ocr_line' id='line_1_18' title="bbox 182 1825 1358 1914; baseline -0.001 -22"><span class='ocrx_word' id='word_1_144' title='bbox 182 1826 342 1914; x_wconf 77' lang='grc' dir='ltr'>ἐγγένηται</span> <span class='ocrx_word' id='word_1_145' title='bbox 371 1849 502 1893; x_wconf 87' lang='lat' dir='ltr'><strong>causam</strong></span> <span class='ocrx_word' id='word_1_146' title='bbox 532 1828 644 1893; x_wconf 87' lang='lat' dir='ltr'><strong>inferri</strong></span> <span class='ocrx_word' id='word_1_147' title='bbox 676 1829 769 1893; x_wconf 89' lang='lat' dir='ltr'><strong>docet</strong></span> <span class='ocrx_word' id='word_1_148' title='bbox 756 1830 1024 1894; x_wconf 86' lang='grc' dir='ltr'>ιιιιιιιιιιιιιοιιιι</span> <span class='ocrx_word' id='word_1_149' title='bbox 1047 1829 1274 1913; x_wconf 87' lang='lat' dir='ltr'><strong>subsequentis</strong></span> <span class='ocrx_word' id='word_1_150' title='bbox 1298 1825 1358 1892; x_wconf 84' lang='grc' dir='ltr'>εἰσι</span> 
     </span>
     <span class='ocr_line' id='line_1_19' title="bbox 181 1912 1357 2024; baseline 0.001 -43"><span class='ocrx_word' id='word_1_151' title='bbox 181 1916 240 2004; x_wconf 82' lang='grc' dir='ltr'><strong>γὰρ</strong></span> <span class='ocrx_word' id='word_1_152' title='bbox 263 1916 302 2004; x_wconf 79' lang='grc' dir='ltr'><strong>δὴ</strong></span> <span class='ocrx_word' id='word_1_153' title='bbox 325 1914 407 1980; x_wconf 79' lang='grc' dir='ltr'><strong>κατὰ</strong></span> <span class='ocrx_word' id='word_1_154' title='bbox 429 1942 456 1981; x_wconf 86' lang='grc' dir='ltr'><strong>ι</strong></span> <span class='ocrx_word' id='word_1_155' title='bbox 480 1916 552 1998; x_wconf 82' lang='grc' dir='ltr'><strong>κιὲ,</strong></span> <span class='ocrx_word' id='word_1_156' title='bbox 572 1917 610 1981; x_wconf 94' lang='lat' dir='ltr'><strong>id</strong></span> <span class='ocrx_word' id='word_1_157' title='bbox 635 1917 721 2024; x_wconf 89' lang='lat' dir='ltr'><strong>quod</strong></span> <span class='ocrx_word' id='word_1_158' title='bbox 744 1919 885 2003; x_wconf 90' lang='lat' dir='ltr'><strong>primum</strong></span> <span class='ocrx_word' id='word_1_159' title='bbox 907 1918 1106 2004; x_wconf 84' lang='lat' dir='ltr'><strong>intellegitur</strong></span> <span class='ocrx_word' id='word_1_160' title='bbox 1128 1920 1287 2003; x_wconf 87' lang='lat' dir='ltr'><strong>particula</strong></span> <span class='ocrx_word' id='word_1_161' title='bbox 1310 1912 1357 1998; x_wconf 75' lang='grc' dir='ltr'><strong>δή,</strong></span> 
     </span>
     <span class='ocr_line' id='line_1_20' title="bbox 184 2003 1357 2092; baseline 0 -20"><span class='ocrx_word' id='word_1_162' title='bbox 184 2009 300 2073; x_wconf 88' lang='lat' dir='ltr'><strong>deinde</strong></span> <span class='ocrx_word' id='word_1_163' title='bbox 324 2009 421 2072; x_wconf 87' lang='lat' dir='ltr'><strong>etiam</strong></span> <span class='ocrx_word' id='word_1_164' title='bbox 443 2007 553 2072; x_wconf 86' lang='lat' dir='ltr'><strong>uerbis</strong></span> <span class='ocrx_word' id='word_1_165' title='bbox 575 2003 658 2070; x_wconf 76' lang='lat' dir='ltr'><strong>nard</strong></span> <span class='ocrx_word' id='word_1_166' title='bbox 686 2010 791 2086; x_wconf 75' lang='grc' dir='ltr'><strong>τοῦτο,</strong></span> <span class='ocrx_word' id='word_1_167' title='bbox 826 2008 866 2070; x_wconf 90' lang='lat' dir='ltr'><strong>de</strong></span> <span class='ocrx_word' id='word_1_168' title='bbox 891 2008 1009 2091; x_wconf 88' lang='lat' dir='ltr'><strong>quibus</strong></span> <span class='ocrx_word' id='word_1_169' title='bbox 1033 2027 1130 2092; x_wconf 88' lang='lat' dir='ltr'><strong>supra</strong></span> <span class='ocrx_word' id='word_1_170' title='bbox 1154 2007 1221 2072; x_wconf 88' lang='lat' dir='ltr'><strong>diet</strong></span> <span class='ocrx_word' id='word_1_171' title='bbox 1208 2013 1277 2072; x_wconf 89' lang='lat' dir='ltr'><strong>tum</strong></span> <span class='ocrx_word' id='word_1_172' title='bbox 1301 2012 1357 2072; x_wconf 87' lang='lat' dir='ltr'><strong>est.</strong></span> 
     </span>
     <span class='ocr_line' id='line_1_21' title="bbox 187 2097 1358 2292; baseline -0.003 -42"><span class='ocrx_word' id='word_1_173' title='bbox 187 2097 304 2182; x_wconf 88' lang='lat' dir='ltr'><strong>(p..</strong></span> <span class='ocrx_word' id='word_1_174' title='bbox 271 2147 387 2250; x_wconf 67' lang='lat' dir='ltr'><strong>viii</strong></span> <span class='ocrx_word' id='word_1_175' title='bbox 372 2188 444 2268; x_wconf 89' lang='lat'>1,43</span> <span class='ocrx_word' id='word_1_176' title='bbox 462 2188 497 2250; x_wconf 87' lang='lat'><strong>9:</strong></span> <span class='ocrx_word' id='word_1_177' title='bbox 531 2178 626 2248; x_wconf 78' lang='grc' dir='ltr'><em>ἀλλὰ</em></span> <span class='ocrx_word' id='word_1_178' title='bbox 655 2182 726 2288; x_wconf 82' lang='grc' dir='ltr'><strong>γὰρ</strong></span> <span class='ocrx_word' id='word_1_179' title='bbox 749 2180 781 2256; x_wconf 75' lang='grc' dir='ltr'><strong><em>ἐς</em></strong></span> <span class='ocrx_word' id='word_1_180' title='bbox 803 2180 877 2256; x_wconf 78' lang='grc' dir='ltr'><strong><em>τούς</em></strong></span> <span class='ocrx_word' id='word_1_181' title='bbox 900 2184 1076 2266; x_wconf 82' lang='grc' dir='ltr'><strong><em>πολεμίους</em></strong></span> <span class='ocrx_word' id='word_1_182' title='bbox 1086 2187 1144 2291; x_wconf 76' lang='grc' dir='ltr'><strong>τῷ</strong></span> <span class='ocrx_word' id='word_1_183' title='bbox 1166 2187 1236 2270; x_wconf 73' lang='grc' dir='ltr'><strong>θεῷ</strong></span> <span class='ocrx_word' id='word_1_184' title='bbox 1259 2182 1358 2292; x_wconf 77' lang='grc' dir='ltr'>εἰρῆσ-</span> 
     </span>
     <span class='ocr_line' id='line_1_22' title="bbox 182 2245 1360 2380; baseline -0.002 -42"><span class='ocrx_word' id='word_1_185' title='bbox 182 2278 243 2338; x_wconf 74' lang='grc' dir='ltr'><strong>ιαι</strong></span> <span class='ocrx_word' id='word_1_186' title='bbox 274 2271 311 2338; x_wconf 80' lang='grc' dir='ltr'><strong>τὸ</strong></span> <span class='ocrx_word' id='word_1_187' title='bbox 341 2270 528 2360; x_wconf 75' lang='grc' dir='ltr'>χρηστήριον</span> <span class='ocrx_word' id='word_1_188' title='bbox 555 2268 809 2380; x_wconf 75' lang='grc' dir='ltr'>συλλαμβάνοντι</span> <span class='ocrx_word' id='word_1_189' title='bbox 837 2271 920 2338; x_wconf 79' lang='grc' dir='ltr'><strong>κατὰ</strong></span> <span class='ocrx_word' id='word_1_190' title='bbox 944 2271 984 2380; x_wconf 77' lang='lat' dir='ltr'><strong>tcd</strong></span> <span class='ocrx_word' id='word_1_191' title='bbox 1015 2267 1145 2376; x_wconf 76' lang='grc' dir='ltr'><strong>ὀρθὸν,</strong></span> <span class='ocrx_word' id='word_1_192' title='bbox 1149 2245 1228 2337; x_wconf 79' lang='grc' dir='ltr'><strong>αλλ’</strong></span> <span class='ocrx_word' id='word_1_193' title='bbox 1242 2267 1300 2337; x_wconf 79' lang='grc' dir='ltr'><strong>οὐκ</strong></span> <span class='ocrx_word' id='word_1_194' title='bbox 1328 2269 1360 2345; x_wconf 77' lang='grc' dir='ltr'><strong>ἐς</strong></span> 
     </span>
     <span class='ocr_line' id='line_1_23' title="bbox 182 2351 1359 2468; baseline -0.002 -40"><span class='ocrx_word' id='word_1_195' title='bbox 182 2358 388 2466; x_wconf 68' lang='grc' dir='ltr'>Ἀθηναίοις·</span> <span class='ocrx_word' id='word_1_196' title='bbox 407 2351 753 2447; x_wconf 67' lang='grc' dir='ltr'>παρασκευάζεσθαι</span> <span class='ocrx_word' id='word_1_197' title='bbox 730 2383 774 2427; x_wconf 86' lang='grc' dir='ltr'><strong>ων</strong></span> <span class='ocrx_word' id='word_1_198' title='bbox 797 2359 913 2433; x_wconf 77' lang='grc' dir='ltr'><strong>αὐτοὺς</strong></span> <span class='ocrx_word' id='word_1_199' title='bbox 932 2356 973 2434; x_wconf 74' lang='lat' dir='ltr'><strong>cic</strong></span> <span class='ocrx_word' id='word_1_200' title='bbox 995 2357 1256 2468; x_wconf 79' lang='grc' dir='ltr'><strong><em>ναυμαχήσοντας</em></strong></span> <span class='ocrx_word' id='word_1_201' title='bbox 1275 2379 1359 2426; x_wconf 85' lang='grc' dir='ltr'>σονι-</span> 
     </span>
     <span class='ocr_line' id='line_1_24' title="bbox 183 2447 1361 2538; baseline 0.001 -23"><span class='ocrx_word' id='word_1_202' title='bbox 183 2447 329 2536; x_wconf 80' lang='grc' dir='ltr'>βοιιλεοε,</span> <span class='ocrx_word' id='word_1_203' title='bbox 360 2454 417 2516; x_wconf 93' lang='lat' dir='ltr'><strong>ubi</strong></span> <span class='ocrx_word' id='word_1_204' title='bbox 440 2473 534 2517; x_wconf 89' lang='lat' dir='ltr'><strong>nemo</strong></span> <span class='ocrx_word' id='word_1_205' title='bbox 567 2453 714 2538; x_wconf 87' lang='lat' dir='ltr'><strong>negabit,</strong></span> <span class='ocrx_word' id='word_1_206' title='bbox 743 2455 814 2538; x_wconf 90' lang='lat' dir='ltr'><strong>ipsa</strong></span> <span class='ocrx_word' id='word_1_207' title='bbox 837 2457 908 2537; x_wconf 89' lang='lat' dir='ltr'><strong>part</strong></span> <span class='ocrx_word' id='word_1_208' title='bbox 896 2454 997 2516; x_wconf 88' lang='lat' dir='ltr'><strong>ticula</strong></span> <span class='ocrx_word' id='word_1_209' title='bbox 1019 2473 1063 2514; x_wconf 88' lang='grc' dir='ltr'><strong>ων</strong></span> <span class='ocrx_word' id='word_1_210' title='bbox 1085 2453 1224 2516; x_wconf 92' lang='lat' dir='ltr'><strong>indicari</strong></span> <span class='ocrx_word' id='word_1_211' title='bbox 1250 2453 1361 2516; x_wconf 88' lang='lat' dir='ltr'><strong>uerbis</strong></span> 
     </span>
     <span class='ocr_line' id='line_1_25' title="bbox 183 2503 1361 2627; baseline -0.002 -21"><span class='ocrx_word' id='word_1_212' title='bbox 183 2537 548 2626; x_wconf 73' lang='grc' dir='ltr'>παρασκευαζεσιαι-</span> <span class='ocrx_word' id='word_1_213' title='bbox 572 2503 780 2624; x_wconf 66' lang='grc' dir='ltr'>σινιβοοιεοε</span> <span class='ocrx_word' id='word_1_214' title='bbox 811 2543 998 2627; x_wconf 89' lang='lat' dir='ltr'><strong>primariam</strong></span> <span class='ocrx_word' id='word_1_215' title='bbox 1029 2543 1188 2606; x_wconf 82' lang='lat' dir='ltr'><strong>contineri</strong></span> <span class='ocrx_word' id='word_1_216' title='bbox 1211 2543 1361 2605; x_wconf 90' lang='lat' dir='ltr'><strong>enuntia·</strong></span> 
     </span>
     <span class='ocr_line' id='line_1_26' title="bbox 182 2629 1363 2714; baseline -0.003 -19"><span class='ocrx_word' id='word_1_217' title='bbox 182 2634 312 2714; x_wconf 89' lang='lat' dir='ltr'><strong>tionem,</strong></span> <span class='ocrx_word' id='word_1_218' title='bbox 342 2633 435 2696; x_wconf 91' lang='lat' dir='ltr'><strong>cuius</strong></span> <span class='ocrx_word' id='word_1_219' title='bbox 465 2633 658 2696; x_wconf 89' lang='lat' dir='ltr'><strong>rationem</strong></span> <span class='ocrx_word' id='word_1_220' title='bbox 649 2652 685 2695; x_wconf 92' lang='grc' dir='ltr'><strong>ιιι</strong></span> <span class='ocrx_word' id='word_1_221' title='bbox 715 2636 769 2695; x_wconf 89' lang='lat' dir='ltr'><strong>ant</strong></span> <span class='ocrx_word' id='word_1_222' title='bbox 757 2630 981 2695; x_wconf 88' lang='lat' dir='ltr'><strong>tecedentibus</strong></span> <span class='ocrx_word' id='word_1_223' title='bbox 1010 2629 1194 2695; x_wconf 88' lang='lat' dir='ltr'><strong>Herodotus</strong></span> <span class='ocrx_word' id='word_1_224' title='bbox 1222 2630 1363 2694; x_wconf 88' lang='lat' dir='ltr'><strong>reddidit</strong></span> 
     </span>
     <span class='ocr_line' id='line_1_27' title="bbox 188 2714 535 2804; baseline 0.006 -21"><span class='ocrx_word' id='word_1_225' title='bbox 188 2714 269 2784; x_wconf 70' lang='lat' dir='ltr'><strong>aute</strong></span> <span class='ocrx_word' id='word_1_226' title='bbox 287 2715 346 2804; x_wconf 73' lang='grc' dir='ltr'><strong>γάρ</strong></span> <span class='ocrx_word' id='word_1_227' title='bbox 368 2721 535 2786; x_wconf 90' lang='lat' dir='ltr'><strong>incohatis</strong></span> 
     </span>
     <span class='ocr_line' id='line_1_28' title="bbox 272 2808 1362 2911; baseline -0.001 -37"><span class='ocrx_word' id='word_1_228' title='bbox 272 2809 400 2874; x_wconf 89' lang='lat' dir='ltr'><strong>Deinde</strong></span> <span class='ocrx_word' id='word_1_229' title='bbox 422 2829 500 2873; x_wconf 90' lang='lat' dir='ltr'><strong>uero</strong></span> <span class='ocrx_word' id='word_1_230' title='bbox 525 2814 654 2874; x_wconf 87' lang='lat' dir='ltr'><strong>exstant</strong></span> <span class='ocrx_word' id='word_1_231' title='bbox 640 2810 747 2911; x_wconf 86' lang='grc' dir='ltr'>ιιοιι,</span> <span class='ocrx_word' id='word_1_232' title='bbox 772 2809 894 2892; x_wconf 91' lang='lat' dir='ltr'><strong>quibus</strong></span> <span class='ocrx_word' id='word_1_233' title='bbox 917 2827 955 2873; x_wconf 86' lang='lat' dir='ltr'><strong>ea</strong></span> <span class='ocrx_word' id='word_1_234' title='bbox 973 2808 1082 2891; x_wconf 89' lang='lat' dir='ltr'><strong>uerba,</strong></span> <span class='ocrx_word' id='word_1_235' title='bbox 1107 2829 1190 2892; x_wconf 88' lang='lat' dir='ltr'><strong>qnae</strong></span> <span class='ocrx_word' id='word_1_236' title='bbox 1214 2809 1362 2873; x_wconf 84' lang='lat' dir='ltr'><strong>enuntia·</strong></span> 
     </span>
     <span class='ocr_line' id='line_1_29' title="bbox 184 2892 1362 3050; baseline 0 -88"><span class='ocrx_word' id='word_1_237' title='bbox 184 2901 305 2964; x_wconf 87' lang='lat' dir='ltr'><strong>tionem</strong></span> <span class='ocrx_word' id='word_1_238' title='bbox 335 2904 518 2983; x_wconf 90' lang='lat' dir='ltr'><strong>sequuntur</strong></span> <span class='ocrx_word' id='word_1_239' title='bbox 545 2892 627 3002; x_wconf 68' lang='lat' dir='ltr'><strong>tate</strong></span> <span class='ocrx_word' id='word_1_240' title='bbox 653 2919 713 2981; x_wconf 82' lang='grc' dir='ltr'><strong>γαρ</strong></span> <span class='ocrx_word' id='word_1_241' title='bbox 740 2899 821 2962; x_wconf 81' lang='lat' dir='ltr'><strong>iniat</strong></span> <span class='ocrx_word' id='word_1_242' title='bbox 808 2904 876 2961; x_wconf 88' lang='lat' dir='ltr'><strong>tam</strong></span> <span class='ocrx_word' id='word_1_243' title='bbox 906 2918 1031 2962; x_wconf 90' lang='lat' dir='ltr'><strong>cume</strong></span> <span class='ocrx_word' id='word_1_244' title='bbox 1032 2900 1138 3050; x_wconf 66' lang='lat' dir='ltr'><strong>titpsa</strong></span> <span class='ocrx_word' id='word_1_245' title='bbox 1169 2918 1226 2962; x_wconf 90' lang='lat' dir='ltr'><strong>sen</strong></span> <span class='ocrx_word' id='word_1_246' title='bbox 1227 2899 1362 2964; x_wconf 90' lang='lat' dir='ltr'><strong>tentiam</strong></span> 
     </span>
    </p>
   </div>
   <div class='ocr_carea' id='block_1_3' title="bbox 183 3165 1447 3961">
    <p class='ocr_par' dir='ltr' id='par_1_3' title="bbox 183 3165 1364 3430">
     <span class='ocr_line' id='line_1_30' title="bbox 185 3165 1364 3251; baseline -0.001 -22"><span class='ocrx_word' id='word_1_247' title='bbox 185 3167 406 3230; x_wconf 90' lang='lat' dir='ltr'><strong>conclusiuam</strong></span> <span class='ocrx_word' id='word_1_248' title='bbox 434 3168 488 3231; x_wconf 93' lang='lat' dir='ltr'><strong>uel</strong></span> <span class='ocrx_word' id='word_1_249' title='bbox 520 3166 717 3230; x_wconf 88' lang='lat' dir='ltr'><strong>demonstt</strong></span> <span class='ocrx_word' id='word_1_250' title='bbox 653 3171 717 3230; x_wconf 88' lang='lat' dir='ltr'><strong>ttra</strong></span> <span class='ocrx_word' id='word_1_251' title='bbox 718 3168 811 3230; x_wconf 89' lang='lat' dir='ltr'><strong>iuum</strong></span> <span class='ocrx_word' id='word_1_252' title='bbox 841 3166 1064 3230; x_wconf 87' lang='lat' dir='ltr'><strong>antecedentia</strong></span> <span class='ocrx_word' id='word_1_253' title='bbox 1094 3167 1276 3251; x_wconf 80' lang='lat' dir='ltr'><strong>excipiunt,</strong></span> <span class='ocrx_word' id='word_1_254' title='bbox 1250 3165 1364 3230; x_wconf 88' lang='lat' dir='ltr'><strong>tsed</strong></span> 
     </span>
     <span class='ocr_line' id='line_1_31' title="bbox 183 3255 1363 3340; baseline 0.002 -22"><span class='ocrx_word' id='word_1_255' title='bbox 183 3258 230 3319; x_wconf 84' lang='lat' dir='ltr'><strong>ita</strong></span> <span class='ocrx_word' id='word_1_256' title='bbox 253 3261 395 3338; x_wconf 87' lang='lat' dir='ltr'><strong>sequunt</strong></span> <span class='ocrx_word' id='word_1_257' title='bbox 397 3275 443 3336; x_wconf 89' lang='lat' dir='ltr'><strong>ur,</strong></span> <span class='ocrx_word' id='word_1_258' title='bbox 466 3261 632 3339; x_wconf 89' lang='lat' dir='ltr'><strong>tamquam</strong></span> <span class='ocrx_word' id='word_1_259' title='bbox 654 3257 690 3318; x_wconf 92' lang='lat' dir='ltr'><strong>in</strong></span> <span class='ocrx_word' id='word_1_260' title='bbox 713 3255 934 3340; x_wconf 86' lang='lat' dir='ltr'><strong>superioribus</strong></span> <span class='ocrx_word' id='word_1_261' title='bbox 957 3273 1023 3318; x_wconf 91' lang='lat' dir='ltr'><strong>non</strong></span> <span class='ocrx_word' id='word_1_262' title='bbox 1046 3256 1111 3318; x_wconf 91' lang='lat' dir='ltr'><strong>iam</strong></span> <span class='ocrx_word' id='word_1_263' title='bbox 1133 3274 1193 3340; x_wconf 90' lang='lat' dir='ltr'><strong>per</strong></span> <span class='ocrx_word' id='word_1_264' title='bbox 1211 3255 1363 3320; x_wconf 89' lang='lat' dir='ltr'><strong>uoculam</strong></span> 
     </span>
     <span class='ocr_line' id='line_1_32' title="bbox 189 3338 756 3452; baseline 0 -45"><span class='ocrx_word' id='word_1_265' title='bbox 189 3338 273 3408; x_wconf 71' lang='lat' dir='ltr'><strong>citri</strong></span> <span class='ocrx_word' id='word_1_266' title='bbox 294 3344 444 3408; x_wconf 87' lang='lat' dir='ltr'><strong>incohata</strong></span> <span class='ocrx_word' id='word_1_267' title='bbox 412 3349 551 3409; x_wconf 88' lang='lat' dir='ltr'><strong>tesset</strong></span> <span class='ocrx_word' id='word_1_268' title='bbox 574 3346 756 3452; x_wconf 75' lang='lat' dir='ltr'><strong>oppqsitio:</strong></span> 
     </span>
    </p>

    <p class='ocr_par' dir='ltr' id='par_1_4' title="bbox 184 3424 1447 3961">
     <span class='ocr_line' id='line_1_33' title="bbox 273 3424 1363 3540; baseline -0.003 -43"><span class='ocrx_word' id='word_1_269' title='bbox 273 3435 404 3497; x_wconf 85' lang='grc' dir='ltr'><strong>Ι.147;</strong></span> <span class='ocrx_word' id='word_1_270' title='bbox 434 3433 589 3504; x_wconf 82' lang='grc' dir='ltr'>Βασιλέας</span> <span class='ocrx_word' id='word_1_271' title='bbox 619 3431 653 3497; x_wconf 81' lang='grc' dir='ltr'><strong>δε</strong></span> <span class='ocrx_word' id='word_1_272' title='bbox 681 3428 852 3540; x_wconf 77' lang='grc' dir='ltr'><strong>ἐστήσαντο</strong></span> <span class='ocrx_word' id='word_1_273' title='bbox 879 3429 910 3493; x_wconf 85' lang='grc' dir='ltr'><strong>οἱ</strong></span> <span class='ocrx_word' id='word_1_274' title='bbox 932 3429 993 3537; x_wconf 79' lang='grc' dir='ltr'><strong>μὲν</strong></span> <span class='ocrx_word' id='word_1_275' title='bbox 1023 3424 1129 3495; x_wconf 76' lang='lat' dir='ltr'><strong>adroic</strong></span> <span class='ocrx_word' id='word_1_276' title='bbox 1151 3434 1300 3511; x_wconf 85' lang='grc' dir='ltr'>Λυκίοις,</span> <span class='ocrx_word' id='word_1_277' title='bbox 1332 3429 1363 3494; x_wconf 82' lang='grc' dir='ltr'><strong>οἱ</strong></span> 
     </span>
     <span class='ocr_line' id='line_1_34' title="bbox 185 3514 1364 3629; baseline -0.003 -43"><span class='ocrx_word' id='word_1_278' title='bbox 185 3521 219 3586; x_wconf 80' lang='grc' dir='ltr'><strong>δὲ</strong></span> <span class='ocrx_word' id='word_1_279' title='bbox 241 3516 422 3592; x_wconf 84' lang='grc' dir='ltr'><strong>Καύκωνας.</strong></span> <span class='ocrx_word' id='word_1_280' title='bbox 469 3515 570 3586; x_wconf 78' lang='grc' dir='ltr'><em>ἀλλὰ</em></span> <span class='ocrx_word' id='word_1_281' title='bbox 601 3517 671 3604; x_wconf 81' lang='grc' dir='ltr'><strong>γὰρ</strong></span> <span class='ocrx_word' id='word_1_282' title='bbox 699 3525 903 3629; x_wconf 80' lang='grc' dir='ltr'>περιέχονται</span> <span class='ocrx_word' id='word_1_283' title='bbox 924 3543 979 3583; x_wconf 80' lang='grc' dir='ltr'><strong>τοι</strong></span> <span class='ocrx_word' id='word_1_284' title='bbox 1006 3514 1162 3600; x_wconf 78' lang='grc' dir='ltr'><strong>ὀνόματος</strong></span> <span class='ocrx_word' id='word_1_285' title='bbox 1184 3515 1309 3602; x_wconf 83' lang='grc' dir='ltr'><strong><em>μᾶλλόν</em></strong></span> <span class='ocrx_word' id='word_1_286' title='bbox 1331 3542 1364 3583; x_wconf 90' lang='grc' dir='ltr'><strong>τι</strong></span> 
     </span>
     <span class='ocr_line' id='line_1_35' title="bbox 185 3603 1362 3692; baseline -0.002 -18"><span class='ocrx_word' id='word_1_287' title='bbox 185 3615 248 3676; x_wconf 74' lang='grc' dir='ltr'><strong>τῶν</strong></span> <span class='ocrx_word' id='word_1_288' title='bbox 271 3607 375 3674; x_wconf 71' lang='grc' dir='ltr'><strong><em>ἄλλων</em></strong></span> <span class='ocrx_word' id='word_1_289' title='bbox 398 3603 517 3690; x_wconf 74' lang='grc' dir='ltr'>Ιιινων,</span> <span class='ocrx_word' id='word_1_290' title='bbox 542 3606 682 3674; x_wconf 80' lang='grc' dir='ltr'><strong>ἔστωσαν</strong></span> <span class='ocrx_word' id='word_1_291' title='bbox 704 3609 739 3674; x_wconf 82' lang='grc' dir='ltr'><strong>δι</strong></span> <span class='ocrx_word' id='word_1_292' title='bbox 760 3610 814 3672; x_wconf 83' lang='grc' dir='ltr'><strong>καὶ</strong></span> <span class='ocrx_word' id='word_1_293' title='bbox 838 3608 868 3672; x_wconf 84' lang='grc' dir='ltr'><strong>οἱ</strong></span> <span class='ocrx_word' id='word_1_294' title='bbox 890 3611 1042 3692; x_wconf 72' lang='grc' dir='ltr'><strong>καθαρῶς</strong></span> <span class='ocrx_word' id='word_1_295' title='bbox 1069 3605 1230 3688; x_wconf 78' lang='grc' dir='ltr'><strong><em>γεγονότες</em></strong></span> <span class='ocrx_word' id='word_1_296' title='bbox 1252 3605 1362 3680; x_wconf 80' lang='grc' dir='ltr'><strong><em>Ἴωνες.</em></strong></span> 
     </span>
     <span class='ocr_line' id='line_1_36' title="bbox 185 3693 1447 3853; baseline -0.002 -87"><span class='ocrx_word' id='word_1_297' title='bbox 185 3701 304 3766; x_wconf 89' lang='lat' dir='ltr'><strong>Uerbis</strong></span> <span class='ocrx_word' id='word_1_298' title='bbox 327 3704 539 3853; x_wconf 59' lang='grc' dir='ltr'><strong>περιέχονταιἴ</strong></span> <span class='ocrx_word' id='word_1_299' title='bbox 547 3701 606 3763; x_wconf 78' lang='grc' dir='ltr'><strong>τοῦ</strong></span> <span class='ocrx_word' id='word_1_300' title='bbox 628 3693 785 3780; x_wconf 78' lang='grc' dir='ltr'><strong><em>ὀνόματος</em></strong></span> <span class='ocrx_word' id='word_1_301' title='bbox 802 3695 866 3762; x_wconf 67' lang='lat' dir='ltr'><strong>aa.</strong></span> <span class='ocrx_word' id='word_1_302' title='bbox 904 3719 1035 3764; x_wconf 88' lang='lat' dir='ltr'><strong>causam</strong></span> <span class='ocrx_word' id='word_1_303' title='bbox 1052 3699 1246 3782; x_wconf 84' lang='lat' dir='ltr'><strong>praemitti</strong></span> <span class='ocrx_word' id='word_1_304' title='bbox 1236 3704 1287 3763; x_wconf 89' lang='grc' dir='ltr'>ιιιι</span> <span class='ocrx_word' id='word_1_305' title='bbox 1273 3699 1363 3764; x_wconf 87' lang='lat' dir='ltr'><strong>etlle·</strong></span> <span class='ocrx_word' id='word_1_306' title='bbox 1444 3709 1447 3716; x_wconf 91' lang='lat'>&#39;</span> 
     </span>
     <span class='ocr_line' id='line_1_37' title="bbox 184 3788 1364 3874; baseline -0.002 -20"><span class='ocrx_word' id='word_1_307' title='bbox 184 3792 292 3874; x_wconf 83' lang='lat' dir='ltr'><strong>gimus</strong></span> <span class='ocrx_word' id='word_1_308' title='bbox 306 3791 376 3856; x_wconf 87' lang='lat' dir='ltr'><strong>eius</strong></span> <span class='ocrx_word' id='word_1_309' title='bbox 393 3790 526 3853; x_wconf 86' lang='lat' dir='ltr'><strong>enuntia</strong></span> <span class='ocrx_word' id='word_1_310' title='bbox 528 3791 632 3872; x_wconf 90' lang='lat' dir='ltr'><strong>tionis,</strong></span> <span class='ocrx_word' id='word_1_311' title='bbox 656 3809 738 3872; x_wconf 91' lang='lat' dir='ltr'><strong>quae</strong></span> <span class='ocrx_word' id='word_1_312' title='bbox 756 3789 903 3872; x_wconf 87' lang='lat' dir='ltr'><strong>sequitur</strong></span> <span class='ocrx_word' id='word_1_313' title='bbox 916 3806 974 3873; x_wconf 90' lang='lat' dir='ltr'><strong>per</strong></span> <span class='ocrx_word' id='word_1_314' title='bbox 990 3789 1141 3858; x_wconf 83' lang='lat' dir='ltr'><strong>uocuiam</strong></span> <span class='ocrx_word' id='word_1_315' title='bbox 1158 3788 1195 3850; x_wconf 78' lang='grc' dir='ltr'><strong>δέ</strong></span> <span class='ocrx_word' id='word_1_316' title='bbox 1211 3788 1364 3852; x_wconf 84' lang='lat' dir='ltr'><strong>adiuncta</strong></span> 
     </span>
     <span class='ocr_line' id='line_1_38' title="bbox 186 3875 1363 3961; baseline -0.001 -20"><span class='ocrx_word' id='word_1_317' title='bbox 186 3897 325 3942; x_wconf 75' lang='grc' dir='ltr'><strong>εστωσαν</strong></span> <span class='ocrx_word' id='word_1_318' title='bbox 334 3879 371 3941; x_wconf 78' lang='grc' dir='ltr'><strong>δι</strong></span> <span class='ocrx_word' id='word_1_319' title='bbox 378 3876 441 3942; x_wconf 77' lang='lat' dir='ltr'><strong>ure</strong></span> <span class='ocrx_word' id='word_1_320' title='bbox 465 3877 561 3943; x_wconf 86' lang='lat' dir='ltr'><strong>Hauc</strong></span> <span class='ocrx_word' id='word_1_321' title='bbox 571 3879 723 3942; x_wconf 91' lang='lat' dir='ltr'><strong>uoculam</strong></span> <span class='ocrx_word' id='word_1_322' title='bbox 733 3879 770 3941; x_wconf 79' lang='grc' dir='ltr'><strong>δι</strong></span> <span class='ocrx_word' id='word_1_323' title='bbox 777 3875 817 3961; x_wconf 75' lang='grc'><strong>48)</strong></span> <span class='ocrx_word' id='word_1_324' title='bbox 828 3882 904 3944; x_wconf 87' lang='lat' dir='ltr'><strong>oon</strong></span> <span class='ocrx_word' id='word_1_325' title='bbox 904 3898 941 3942; x_wconf 92' lang='lat' dir='ltr'><strong>ra</strong></span> <span class='ocrx_word' id='word_1_326' title='bbox 951 3897 1096 3942; x_wconf 80' lang='lat' dir='ltr'><strong>nmmum</strong></span> <span class='ocrx_word' id='word_1_327' title='bbox 1106 3877 1255 3942; x_wconf 81' lang='lat' dir='ltr'><strong>codicum</strong></span> <span class='ocrx_word' id='word_1_328' title='bbox 1263 3875 1363 3941; x_wconf 91' lang='lat' dir='ltr'><strong>fidem</strong></span> 
     </span>
    </p>
   </div>
   <div class='ocr_carea' id='block_1_4' title="bbox 257 4045 1363 4180">
    <p class='ocr_par' dir='ltr' id='par_1_5' title="bbox 257 4045 1363 4180">
     <span class='ocr_line' id='line_1_39' title="bbox 257 4045 1363 4180; baseline -0.002 -71"><span class='ocrx_word' id='word_1_329' title='bbox 257 4055 292 4124; x_wconf 82' lang='lat'><strong>⁴⁷)</strong></span> <span class='ocrx_word' id='word_1_330' title='bbox 310 4055 412 4138; x_wconf 85' lang='lat' dir='ltr'><strong>Krueg</strong></span> <span class='ocrx_word' id='word_1_331' title='bbox 430 4055 473 4108; x_wconf 90' lang='lat' dir='ltr'><strong>Di</strong></span> <span class='ocrx_word' id='word_1_332' title='bbox 493 4055 565 4122; x_wconf 71' lang='lat' dir='ltr'><strong>§eu</strong></span> <span class='ocrx_word' id='word_1_333' title='bbox 587 4058 628 4112; x_wconf 88' lang='lat'><strong>14.</strong></span> <span class='ocrx_word' id='word_1_334' title='bbox 642 4059 671 4108; x_wconf 86' lang='grc'><strong>4·</strong></span> <span class='ocrx_word' id='word_1_335' title='bbox 690 4053 742 4123; x_wconf 93' lang='grc'>,,80</span> <span class='ocrx_word' id='word_1_336' title='bbox 760 4054 880 4108; x_wconf 85' lang='lat' dir='ltr'><strong>verband</strong></span> <span class='ocrx_word' id='word_1_337' title='bbox 899 4071 964 4109; x_wconf 87' lang='lat' dir='ltr'><strong>man</strong></span> <span class='ocrx_word' id='word_1_338' title='bbox 982 4045 1105 4109; x_wconf 73' lang='lat' dir='ltr'><strong>tuta</strong></span> <span class='ocrx_word' id='word_1_339' title='bbox 1058 4074 1220 4180; x_wconf 40' lang='lat' dir='ltr'><strong>{popm</strong></span> <span class='ocrx_word' id='word_1_340' title='bbox 1142 4053 1275 4108; x_wconf 73' lang='lat' dir='ltr'><strong>zuntchst</strong></span> <span class='ocrx_word' id='word_1_341' title='bbox 1292 4051 1363 4107; x_wconf 89' lang='lat' dir='ltr'><strong>ohne</strong></span> 
     </span>
    </p>
   </div>
   <div class='ocr_carea' id='block_1_5' title="bbox 185 4093 1363 4354">
    <p class='ocr_par' dir='ltr' id='par_1_6' title="bbox 185 4093 1363 4336">
     <span class='ocr_line' id='line_1_40' title="bbox 185 4093 1361 4195; baseline -0.002 -16"><span class='ocrx_word' id='word_1_342' title='bbox 185 4126 275 4180; x_wconf 84' lang='lat' dir='ltr'><strong>Panse</strong></span> <span class='ocrx_word' id='word_1_343' title='bbox 300 4126 372 4181; x_wconf 86' lang='lat' dir='ltr'><strong>nach</strong></span> <span class='ocrx_word' id='word_1_344' title='bbox 394 4118 475 4193; x_wconf 75' lang='grc' dir='ltr'>ἄλλά,</span> <span class='ocrx_word' id='word_1_345' title='bbox 505 4126 577 4180; x_wconf 86' lang='grc' dir='ltr'>ιιιιιιι</span> <span class='ocrx_word' id='word_1_346' title='bbox 599 4125 686 4180; x_wconf 87' lang='lat' dir='ltr'><strong>selbst</strong></span> <span class='ocrx_word' id='word_1_347' title='bbox 690 4093 778 4180; x_wconf 73' lang='lat' dir='ltr'><strong>”ohne</strong></span> <span class='ocrx_word' id='word_1_348' title='bbox 806 4125 1034 4195; x_wconf 88' lang='lat' dir='ltr'><strong>eingeschobenes</strong></span> <span class='ocrx_word' id='word_1_349' title='bbox 1221 4118 1361 4178; x_wconf 57' lang='lat' dir='ltr'><strong>nuath</strong></span> 
     </span>
     <span class='ocr_line' id='line_1_41' title="bbox 189 4201 1363 4354; baseline -0.003 -30"><span class='ocrx_word' id='word_1_350' title='bbox 189 4214 214 4265; x_wconf 76' lang='lat' dir='ltr'>p</span> <span class='ocrx_word' id='word_1_351' title='bbox 236 4201 497 4354; x_wconf 66' lang='grc' dir='ltr'><strong>146)5Ηιιιι]”ἰ</strong></span> <span class='ocrx_word' id='word_1_352' title='bbox 410 4267 513 4321; x_wconf 90' lang='lat' dir='ltr'><strong>iniuste</strong></span> <span class='ocrx_word' id='word_1_353' title='bbox 531 4267 640 4323; x_wconf 80' lang='lat' dir='ltr'><strong>Klotzio</strong></span> <span class='ocrx_word' id='word_1_354' title='bbox 659 4268 737 4321; x_wconf 87' lang='lat' dir='ltr'><strong>uidet</strong></span> <span class='ocrx_word' id='word_1_355' title='bbox 738 4284 771 4320; x_wconf 87' lang='lat' dir='ltr'><strong>ur</strong></span> <span class='ocrx_word' id='word_1_356' title='bbox 793 4268 825 4322; x_wconf 80' lang='grc' dir='ltr'><strong>δέ</strong></span> <span class='ocrx_word' id='word_1_357' title='bbox 841 4268 929 4322; x_wconf 91' lang='lat' dir='ltr'><strong>denuc</strong></span> <span class='ocrx_word' id='word_1_358' title='bbox 956 4266 1154 4336; x_wconf 88' lang='lat' dir='ltr'><strong>oppositionem</strong></span> <span class='ocrx_word' id='word_1_359' title='bbox 1172 4267 1296 4336; x_wconf 87' lang='lat' dir='ltr'><strong>excipere</strong></span> <span class='ocrx_word' id='word_1_360' title='bbox 1314 4281 1363 4336; x_wconf 92' lang='lat' dir='ltr'><strong>per</strong></span> 
     </span>
    </p>
   </div>
   <div class='ocr_carea' id='block_1_6' title="bbox 187 4332 753 4410">
    <p class='ocr_par' dir='ltr' id='par_1_7' title="bbox 187 4332 753 4410">
     <span class='ocr_line' id='line_1_42' title="bbox 187 4332 753 4410; baseline 0.002 -18"><span class='ocrx_word' id='word_1_361' title='bbox 187 4332 256 4394; x_wconf 73' lang='lat' dir='ltr'><strong>citici</strong></span> <span class='ocrx_word' id='word_1_362' title='bbox 275 4341 354 4394; x_wconf 84' lang='lat' dir='ltr'><strong>antea</strong></span> <span class='ocrx_word' id='word_1_363' title='bbox 373 4338 452 4408; x_wconf 87' lang='lat' dir='ltr'><strong>quasi</strong></span> <span class='ocrx_word' id='word_1_364' title='bbox 469 4340 581 4396; x_wconf 87' lang='lat' dir='ltr'><strong>incohat</strong></span> <span class='ocrx_word' id='word_1_365' title='bbox 582 4356 627 4396; x_wconf 88' lang='lat' dir='ltr'><strong>em</strong></span> <span class='ocrx_word' id='word_1_366' title='bbox 645 4339 681 4410; x_wconf 87' lang='lat' dir='ltr'><strong>(p</strong></span> <span class='ocrx_word' id='word_1_367' title='bbox 701 4339 753 4409; x_wconf 85' lang='lat'><strong>23).</strong></span> 
     </span>
    </p>
   </div>
   <div class='ocr_carea' id='block_1_7' title="bbox 0 0 1634 4840">
    <p class='ocr_par' dir='ltr' id='par_1_8' title="bbox 0 0 1634 4840">
     <span class='ocr_line' id='line_1_43' title="bbox 0 0 1634 4840; baseline 0 0"><span class='ocrx_word' id='word_1_368' title='bbox 0 0 1634 4840; x_wconf 95' lang='lat' dir='ltr'><strong> </strong></span> 
     </span>
    </p>
   </div>
  </div>
 </body>
</html>
