3248 4840
640 237 860 303 ..19-

163 420 275 486 reddat
296 438 363 482 11111
387 418 482 493 elaris
505 415 615 482 uerbis
639 436 818 502 expressae,
848 418 904 482 sed
925 418 992 482 fere
1016 420 1161 502 11111111,
1184 423 1216 484 11
1239 439 1335 504 quam

163 530 180 576 e
203 514 383 574 ceterorum
400 507 576 573 uerborum
600 511 754 571 contextu
771 509 849 592 ipse,
873 527 937 592 quo
956 509 1052 593 plena
1069 508 1125 572 fiat
1147 509 1240 574 hians
1264 529 1336 574 sen·

163 601 264 665 tentia
293 599 487 682 cogitatione
517 597 667 680 suppleas
699 616 830 662 necesse
858 602 918 679 est,
957 617 1053 681 quem
1083 597 1212 663 dloendi
1239 619 1337 663 usum

163 708 273 754 omnes
296 688 374 768 fere,
396 683 533 767 Klotzio,
554 684 728 749 Kuehnero
752 687 908 771 exceptio,
931 688 1132 770 grammatici
1155 688 1337 752 concedunt

163 781 291 861 etipse,
311 795 409 859 quem
427 776 589 858 ceteroqui
606 777 748 839 maxime
770 775 914 839 uidimus
933 778 1037 840 omnis
1056 777 1204 860 ellipseos
1223 777 1336 842 aduer-

163 869 286 932 sarium
295 865 497 948 Hartungius
511 864 534 927 Ι.
545 885 573 947 p.
584 866 658 930 464.
695 863 789 928 Hanc
803 870 996 929 structuram
1006 865 1093 949 apud
1102 866 1229 930 nullum
1240 865 1337 930 Grae·

164 956 436 1038 cumscriptorem
451 973 516 1016 non
529 955 671 1016 inueniri
688 954 815 1018 docenti
833 953 1059 1038 Sernotingero
1076 960 1112 1018 ut
1127 957 1276 1038 concedo,
1291 959 1337 1020 111
1406 1029 1409 1034 ,

166 1043 254 1127 quod
268 1043 591 1126 „frequentissimamt
604 1061 675 1106 eam
695 1062 765 1107 esse
787 1043 865 1108 dicit
883 1043 969 1127 apud
988 1063 1098 1108 omnes
1116 1047 1286 1129 scriptores
1301 1047 1337 1109 in

165 1133 365 1197 Herodotum
384 1131 647 1214 quidemoadere
665 1152 731 1196 non
749 1136 861 1216 potest.
895 1131 1026 1196 Etenim
1045 1135 1121 1198 satis
1139 1154 1243 1217 pauca
1261 1139 1338 1199 sunt

164 1242 221 1306 pro
245 1241 283 1284 ea
304 1222 448 1284 locorum
470 1221 660 1304 frequentia,
685 1241 767 1304 quae
791 1222 877 1306 apud
899 1221 1120 1303 Thucydidem
1141 1224 1261 1306 legitur
1283 1226 1337 1288 uel
1356 1285 1361 1298 ,

163 1312 248 1394 apud
273 1315 413 1373 oratores
436 1311 570 1392 Atticos
601 1329 639 1373 ea
662 1329 744 1393 quae
765 1311 950 1375 Herodotus
973 1311 1104 1376 exhibet
1127 1313 1225 1376 huius
1246 1333 1337 1397 prae-

162 1401 294 1463 cisionis
313 1401 468 1482 exempla.
501 1398 570 1463 Neo
587 1401 715 1482 mirum,
732 1400 893 1484 siquidem
912 1401 969 1481 qui
983 1402 1220 1484 perspicuitatis
1240 1422 1338 1485 quam

161 1491 322 1553 maximae
342 1508 440 1552 causa
458 1488 591 1552 dictioni
612 1489 701 1552 fouet
720 1491 867 1572 copiosae
886 1492 982 1571 atque
1000 1488 1102 1570 uberi,
1121 1491 1339 1574 supplendum

37 1655 42 1668 .
164 1577 370 1642 audientibus
392 1579 471 1662 ipsis
495 1578 672 1661 quidquam
694 1579 878 1663 relinquere
900 1597 967 1641 11111
990 1577 1125 1660 mauult,
1148 1599 1247 1663 quam
1268 1581 1338 1664 ipso

165 1668 294 1751 plenam
316 1668 548 1731 sententiarum
567 1667 681 1730 seriem
705 1667 870 1732 deducere.

259 1773 405 1838 Ceterum
427 1775 462 1837 in
485 1775 669 1855 rarissimis,
699 1793 781 1857 quae
810 1775 897 1858 apud
919 1773 1119 1838 Herodotum
1148 1775 1218 1838 erui
1240 1775 1338 1839 huius

167 1883 247 1928 usus
276 1863 430 1947 exemplis
461 1864 664 1947 agnoscenda
692 1863 823 1946 quidem
854 1866 915 1927 erit
941 1865 1011 1946 illa,
1042 1863 1082 1928 de
1113 1884 1178 1947 qua
1201 1864 1337 1928 dicimus

168 1954 297 2037 ellipsiS,
322 1953 378 2016 sed
396 1971 479 2035 quae
502 1953 681 2036 supplenda
704 1956 752 2016 est
771 1955 936 2034 sententia,
960 1973 998 2017 11
1024 1954 1101 2017 adeo
1128 1973 1194 2017 non
1218 1958 1341 2017 remota

167 2047 215 2106 111
202 2043 352 2105 tinuent
338 2046 440 2124 tuque
469 2041 621 2123 diffioihs,
652 2043 770 2105 uixt
733 2047 770 2104 ut
798 2041 837 2106 de
865 2061 902 2106 11
926 2043 1170 2108 dehberandum
1198 2043 1253 2125 sit,
1283 2043 1340 2106 sed

164 2133 250 2194 inter
272 2130 478 2234 legendum
469 2149 577 2215 rpsum
601 2132 719 2196 omissa
742 2131 930 2213 subaudias,
962 2151 1036 2195 oum
1058 2133 1094 2194 in
1117 2132 1229 2196 eadem
1250 2151 1341 2216 prae-

164 2222 286 2284 cisione
304 2221 424 2283 mirum
441 2221 626 2305 quantum
617 2220 780 2284 interdum
800 2220 862 2284 sibi
880 2221 1047 2324 indulgeat
1034 2221 1215 2284 ttdensa
1184 2225 1215 2284 et
1232 2241 1342 2305 pressa

166 2315 346 2392 etsemper
367 2310 491 2372 instans
515 2309 577 2372 sibi
598 2309 797 2390 Thucydidis
821 2315 890 2374 orat
877 2311 999 2374 tuelle
1021 2308 1154 2374 Demost
1154 2311 1254 2374 honis.

253 2416 295 2479 II.
309 2418 381 2498 127,
391 2417 428 2478 4:
447 2414 500 2476 111
513 2418 629 2478 τοῦτον
643 2415 824 2522 (Χεφρῆνα)
842 2415 933 2480 11-
952 2438 1006 2479 και
996 2415 1192 2500 πυραμίδα
1210 2419 1342 2524 ποιῆσαρ

169 2500 200 2576 ἐς
227 2504 286 2586 μὲν
314 2499 355 2566 τὰ
385 2497 506 2566 ἐκείνου
540 2509 643 2588 μέτρα
676 2498 732 2568 οὐκ
763 2499 970 2588 ἀνήκουσαν·
997 2509 1099 2569 ταῦτα
1128 2501 1187 2589 γὰρ
1217 2493 1261 2568 ὧν
1289 2505 1342 2568 καὶ

167 2587 258 2680 ἡμεῖς
276 2586 503 2678 ἐμετρήσαμεν,
529 2593 678 2697 quibus
670 2615 705 2658 111
728 2595 837 2659 uerbis
859 2614 953 2659 nemo
977 2615 1043 2658 non
1067 2595 1238 2659 subaudiet
1224 2595 1343 2679 tquod

168 2686 322 2748 omissum
353 2687 401 2747 est
388 2683 537 2746 tt:uelu
571 2678 631 2761 ἔχω
660 2675 871 2790 decoquatur
900 2687 1002 2747 ταῦτα
1026 2674 1119 2746 εἶπαι
1149 2683 1200 2765 (cf.
1222 2686 1294 2767 103,
1314 2686 1342 2748 8.

167 2773 194 2836 Ι.
216 2774 288 2854 160,
309 2777 337 2836 7.
379 2771 468 2834 VIII.
490 2774 509 2835 8
511 2771 579 2856 ,,9)
594 2774 697 2834 ταῦτα
719 2769 777 2858 γὰρ
801 2760 844 2837 ὦν
866 2771 928 2854 κτὲ,
956 2793 1038 2857 quae
1060 2773 1143 2837 bene
1165 2772 1343 2838 1111111111-

169 2861 1344 2946 11111111111111111111Ο111111Ι111111111111,1ο11

169 2951 337 3016 measured
360 2951 447 3014 them
471 2949 548 3014 both
513 2951 695 3032 tmyself

258 3059 380 3122 Similis
410 3077 468 3121 sen
469 3059 569 3122 tentia
596 3077 677 3160 supp
678 3059 775 3123 lenda
803 3064 851 3123 est
838 3059 939 3124 1ΠΙ
961 3059 1034 3141 102,
1054 3059 1090 3123 6:
1118 3051 1152 3120 ἐν
1175 3044 1261 3163 δὴ
1238 3080 1282 3121 ων
1303 3061 1344 3145 τῇ

168 3143 282 3233 ἐρημίῃ
305 3141 406 3253 ταύτῃ
428 3145 482 3208 καὶ
504 3149 545 3233 τῇ
568 3139 709 3256 ράμμιρ
712 3151 850 3228 γίνονται
872 3142 1035 3232 μύρμηκες
1053 3140 1239 3228 μεγάθεα
1220 3167 1344 3226 εγουτες

167 3240 269 3300 κυνῶν
289 3235 350 3317 μὲν
372 3229 539 3315 ἐλάσσονα,
568 3236 751 3300 αλοπεκέων
778 3237 813 3301 δὲ
834 3237 975 3318 μέζονα·
995 3233 1055 3298 εἰσὶ
1077 3233 1135 3320 γὰρ
1164 3229 1269 3299 αὐτῶν
1290 3236 1344 3298 καὶ

167 3320 259 3410 παρὰ
282 3323 406 3408 βασιλεῖ
425 3327 490 3388 τῶν
511 3329 661 3444 Hspoc‘wo
683 3321 838 3390 ἐνθεῦτεν
858 3327 1085 3412 θηρευθέντες.

258 3433 299 3496 H.
321 3435 394 3515 154,
416 3433 472 3495 16;
496 3427 619 3494 τούτων
637 3431 672 3495 δὲ
690 3427 933 3538 οἰκιρθέντων
916 3453 951 3495 εν
968 3427 1124 3516 Αιγίπτιρ,
1149 3430 1180 3494 οἱ
1196 3423 1344 3540 'Ellquec

169 3515 252 3586 οὕτω
282 3514 522 3602 ἐπιμισγόμενοι
550 3515 687 3600 τούτοις,
723 3518 764 3584 τὰ
793 3521 870 3623 περὶ
900 3519 1076 3629 Αἴγρπτρυ
1077 3516 1243 3622 γινόμενα
1276 3543 1342 3585 απο

173 3613 393 3730 Ψαμμνρτίχου
415 3603 647 3691 pacatas}
588 3631 627 3694 αρ
629 3605 760 3716 ξρίμευοι
788 3605 896 3674 πάντα
919 3611 971 3673 καὶ
999 3607 1041 3673 τὰ
1063 3602 1195 3713 ὕστερον
1217 3605 1343 3674 ἐπιπά-

168 3705 260 3783 μεθα
280 3719 458 3783 ατρεκεως
477 3701 600 3781 πρώτου
617 3695 676 3784 γὰρ
695 3695 783 3763 οὗτοι
801 3695 835 3763 ἐν
849 3694 997 3803 Αἰγύπτῳ
1018 3693 1225 3779 ἀλλόγλωσσοι
1242 3721 1343 3763 κατοι-
1408 3695 1413 3702 ’

169 3787 610 3898 κίσθησαν·811[1[)1111111111
638 3809 766 3854 censeo:
797 3786 839 3853 τὰ
866 3783 1026 3873 πρότερον
1051 3812 1108 3852 ουκ
1137 3783 1345 3870 ἐπιστάμενοι

170 3873 331 3964 ἀτρεκέως.

259 3985 315 4052 IV.
337 3988 387 4066 17,
406 3986 441 4047 2;
471 3976 537 4045 11πό
570 3986 629 4045 τοῦ
660 3980 980 4087 Βορυσθενεϊτέων
963 3989 1121 4069 εμπορίου
1149 3985 1256 4070 (τοῦτο
1286 3981 1344 4066 γὰρ

170 4078 234 4139 τῶν
261 4072 536 4158 παραθαλασσίων
564 4067 757 4152 μεσαίτατόν
786 4069 852 4137 ἐστι
885 4091 990 4160 πασης
1018 4077 1074 4160 τῆς
1103 4073 1272 4159 Σκυθικῆς)
1305 4075 1344 4138 ad

173 4184 254 4250 quae
283 4164 384 4228 uerba
413 4162 497 4226 bene
527 4161 647 4246 Krueg
678 4163 825 4228 addenda
855 4167 947 4248 putat
916 4184 1045 4228 aesse
1068 4163 1135 4227 fere
1157 4163 1271 4226 haece:
1304 4163 1343 4226 ab

170 4255 231 4318 hoc
263 4255 349 4318 enim
382 4251 497 4336 oppido
529 4252 660 4316 initium
692 4253 914 4337 descriptionis
943 4254 1073 4338 faciam,
1107 4253 1225 4337 quippe
1257 4252 1343 4336 quod

172 4349 319 4408 centrum
343 4342 435 4427 quasi
459 4341 500 4403 sit
523 4344 580 4403 etc.

1142 4445 1182 4498 2*
